4917 5950
2552 354 2594 419 8

857 579 1241 657 aspernatur
1286 577 1482 655 atque
1530 566 1793 653 respuit.
1883 564 2068 632 Subit
2110 585 2223 632 rex
2270 564 2487 653 iugum
2534 564 2931 632 necessitatis
2975 558 3289 648 (ἀνάγκας
3332 561 3445 631 ἔδυ
3480 562 3827 648 λέπαδνον)
3875 564 3913 631 i.
3942 584 3998 632 e.
4031 564 4269 633 bellum

855 705 984 751 non
1046 691 1261 770 potest
1320 680 1471 768 quin
1519 691 1733 768 gerat,
1792 680 1966 769 quod
2032 680 2174 765 ipse
2221 678 2658 746 necessarium
2721 677 2940 745 habet.
3030 678 3116 745 Ex
3179 677 3362 745 ebori
3421 691 3641 747 autem<
3697 681 4011 747 sententia
4073 678 4273 766 spirat

855 797 1044 864 animi
1103 806 1360 863 ventum
1424 795 1726 883 impium,
1788 795 2133 870 incestum,
2196 793 2570 881 profanum,
2633 792 2806 859 unde
2852 792 2935 859 ad
2984 791 3301 881 quidlibet
3360 793 3730 861 audendum
3796 794 4073 883 prompti
4120 792 4274 861 fiant

858 909 1181 980 mortales.
1273 909 1396 989 Qui
1442 907 1626 976 simul
1674 928 1753 976 ac
1799 908 2129 976 consilium
2178 907 2351 996 cepit
2399 907 2816 996 pervincendi
2875 906 3230 984 voluntate,
3287 928 3371 975 ne
3418 906 3591 975 bello
3652 907 4102 986 absisteretur,
4164 930 4275 976 su-

857 1044 1149 1115 premam
1200 1023 1554 1091 foeditatem
1606 1044 1732 1090 non
1781 1022 2188 1099 reformidat,
2235 1022 2537 1111 quoniam
2588 1023 2817 1089 mentis
2863 1021 3150 1095 caecitas,
3196 1042 3345 1110 quae
3392 1023 3665 1110 primam
3698 1025 3987 1112 sequitur
4016 1043 4269 1099 noxam,

858 1140 1143 1208 audaces
1190 1137 1403 1205 reddit
1446 1137 1739 1206 homines
1784 1136 1868 1203 ad
1916 1135 2255 1225 quodlibet
2295 1134 2618 1227 flagitium.
2666 1137 2780 1202 cfr.
2829 1158 2883 1202 v.
2929 1136 3303 1203 sos—2⁴4.

1037 1251 1168 1321 Sed
1213 1252 1319 1320 hic
1365 1264 1618 1342 quaeret
1661 1253 2009 1341 quispiam,
2055 1249 2293 1318 Atridae
2343 1271 2556 1318 nonne
2603 1250 2773 1317 missi
2820 1250 2944 1317 sint
2987 1270 3024 1316 a
3070 1252 3231 1318 Jove
3278 1249 3602 1339 hospitali,
3649 1252 3800 1341 quin
3846 1251 4016 1320 adeo
4064 1253 4272 1319 coacti

861 1368 1281 1444 necessitate,
1338 1378 1411 1433 nt
1455 1365 1934 1455 expeditionem
1995 1366 2417 1453 susciperent.
2464 1403 2549 1413 —
2597 1365 2734 1431 Non
2783 1365 2997 1455 coegit
3053 1363 3251 1442 deus,
3309 1364 3429 1432 sed
3494 1377 3734 1432 tantum
3795 1369 4143 1440 concessit,
4205 1377 4275 1432 ut

858 1483 1262 1570 susciperent
1307 1480 1502 1569 idque
1551 1501 1627 1548 ea
1675 1480 1936 1569 quidem
1987 1479 2386 1558 conditione,
2453 1491 2523 1545 ut
2568 1478 2870 1567 puniendi
2918 1477 3132 1547 officio
3189 1480 3607 1568 imperatorio
3668 1481 4132 1549 satisfacientes
4187 1502 4269 1549 ne

859 1596 1030 1665 aliud
1078 1597 1280 1663 maius
1323 1595 1602 1664 officium
1654 1595 1980 1663 violarent.
2068 1595 2294 1683 Neque
2342 1594 2540 1660 Diana
2587 1592 2936 1682 Iphigeniae
2997 1592 3493 1662 immolationem
3557 1594 3888 1683 postulans
3921 1582 4272 1684 'Agamem-

860 1732 1095 1779 nonem
1144 1709 1281 1776 dira
1326 1732 1442 1777 sua
1490 1710 1815 1795 voluntate
1860 1708 1943 1775 ad
1990 1704 2181 1774 filiam
2229 1706 2716 1776 sacrificandam
2779 1707 3126 1796 protrudit,
3189 1708 3308 1776 sed
3370 1708 3656 1777 facturus
3717 1709 3870 1799 quid
3919 1710 4022 1777 ille
4081 1722 4270 1790 esset,

861 1823 1302 1893 tantummodo
1349 1825 1634 1891 tentavit.
1724 1822 1972 1904 Quodsi
2018 1828 2455 1912 Agamemnon
2502 1843 2617 1889 sua
2668 1823 2908 1910 potina,
2956 1842 3148 1911 quam
3198 1821 3342 1890 filiae
3389 1835 3598 1892 morte
3646 1825 3803 1892 iram
3850 1825 3998 1893 deae
4039 1825 4273 1893 voluis-

861 1951 962 2007 set
1009 1938 1299 2026 placare,
1349 1960 1476 2006 non
1525 1950 1624 2006 est
1668 1936 1966 2015 dubium,
2011 1938 2164 2025 quin
2209 1935 2356 2004 haec
2401 1935 2840 2004 misericordia
2886 1949 3085 2014 mota,
3146 1958 3416 2005 monens
3460 1951 3727 2017 tantum,
3774 1953 3844 2006 ut
3887 1941 4080 2006 nimia
4124 1960 4274 2007 cru-

862 2053 1122 2123 delitate
1169 2051 1591 2129 abstinerent,
1650 2072 1843 2119 omne
1891 2050 2317 2139 expeditionis
2362 2049 2889 2138 impedimentum
2947 2053 3345 2120 removisset.
3437 2052 3567 2120 Sed
3617 2064 3857 2122 tantum
3903 2054 4135 2133 abfuit,
4206 2067 4275 2121 ut

860 2167 1151 2236 naturale
1197 2166 1451 2256 pietatis
1494 2165 1816 2233 vinculum
1873 2165 2079 2232 dirimi
2126 2188 2253 2233 non
2312 2176 2644 2253 pateretur
2704 2184 3125 2255 amoremque
3189 2178 3525 2254 paternum
3586 2189 3706 2236 suo
3759 2169 3960 2256 ipsius
4018 2171 4271 2237 interitu

862 2280 1301 2357 confirmaret,
1366 2293 1437 2346 ut
1490 2281 1680 2347 animi
1739 2279 1997 2358 duritie,
2065 2301 2193 2368 qua
2257 2292 2386 2347 tota
2432 2279 2885 2368 Pelopidarum
2945 2301 3105 2370 gens
3166 2281 3421 2370 insignis
3483 2294 3653 2359 erat,
3716 2294 3781 2350 et
3839 2285 3980 2372 ipse
4043 2285 4268 2351 mirum

863 2408 1171 2488 quantum
1220 2394 1548 2463 excellens
1595 2393 1784 2462 filiam
1830 2395 2019 2462 morti
2064 2394 2222 2462 dare
2270 2416 2396 2462 non
2443 2393 2787 2462 dubitaret.
2875 2393 3008 2461 Sed
3062 2414 3410 2483 pergamus
3455 2395 3719 2486 reliqua.
3762 2433 3850 2448 —-

1040 2509 1290 2577 Chorus
1336 2510 1455 2578 etsi
1501 2510 1587 2577 de
1635 2510 1736 2588 iis,
1782 2529 1934 2598 quae
1980 2520 2207 2596 postea
2253 2509 2619 2585 evenerint,
2676 2507 2827 2576 nihil
2873 2530 3022 2577 sese
3070 2511 3468 2597 comperisse
3516 2509 3695 2589 dicit,
3755 2524 3970 2581 tamen
4018 2512 4272 2604 lphige-

862 2627 1031 2695 niam
1079 2623 1468 2691 immolatam
1515 2645 1661 2692 esse
1710 2646 1830 2713 pro
1876 2635 2057 2691 certo
2102 2622 2332 2704 habet3
2383 2642 2526 2689 nam
2582 2624 2844 2708 «τέχναι
2878 2621 3248 2707 Κάλχαντος
3291 2619 3415 2691 οὐκ
3456 2616 3829 2711 ἄκραντοι.»
3881 2629 3997 2697 csr.
4040 2650 4096 2695 v.
4122 2629 4273 2697 245.

861 2743 995 2808 lam
1045 2739 1537 2831 Clytaemnestra
1586 2737 1843 2805 accedit
1889 2749 1956 2805 et
2003 2738 2254 2805 Troiam
2304 2750 2561 2825 captam
2610 2758 2755 2805 esse
2804 2752 3079 2807 enarrat.
3166 2741 3374 2829 Atque
3430 2741 3742 2808 victorum
3788 2744 4106 2811 miseriam
4154 2743 4273 2812 de-

862 2854 1181 2931 scribenS,
1243 2854 1616 2942 Argivorum
1679 2863 1896 2919 autem
1959 2852 2277 2920 fortunam
2341 2851 2734 2941 praedicans:
2816 2854 3163 2943 «Argivi,»
3234 2854 3459 2942 inquit,
3528 2857 3631 2923 «si
3679 2857 3783 2945 pie
3830 2858 4018 2926 victae
4079 2869 4271 2927 terroe

864 2969 1179 3038 coluerint
1224 2968 1387 3036 deos
1434 2989 1792 3056 eorumque
1839 2965 2147 3043 delubra,
2194 2990 2321 3035 non
2370 2968 2670 3045 fortasse,
2731 2989 2927 3056 quum
2976 2969 3150 3056 prius
3195 2970 3516 3056 ceperint,
3571 2971 3689 3059 ipsi
3736 2987 3968 3061 postea
4011 2974 4274 3063 capien—

864 3096 987 3151 tur.
1078 3083 1256 3172 Opto
1304 3095 1547 3161 autem,
1596 3095 1665 3148 ut
1710 3083 2063 3150 exercitum
2111 3081 2267 3148 lucri
2314 3080 2619 3171 cupidum
2667 3104 2852 3149 amor
2897 3104 2977 3150 ne
3027 3084 3325 3151 invaserit
3369 3083 3740 3174 diripiendi,
3787 3108 3935 3176 quae
3981 3110 4110 3156 non
4156 3088 4275 3157 de-

863 3211 988 3267 cet.
1077 3199 1141 3266 Si
1192 3218 1349 3264 vero
1397 3198 1718 3264 exercitus
1779 3196 1899 3263 diis
1962 3196 2279 3264 obnoxius
2334 3195 2629 3276 redierit,
2691 3195 2829 3266 fieri
2886 3196 3071 3264 facile
3135 3208 3374 3307 potest,
3435 3211 3505 3265 ut
3562 3200 3784 3269 clades
3847 3224 4100 3276 eorum.
4164 3205 4274 3293 qui

863 3313 1225 3403 perierunt,
1272 3311 1357 3378 ad
1404 3311 1747 3379 vindictam
1795 3312 2098 3378 excitet.»
2152 3334 2208 3377 v.
2255 3312 2659 3379 337-346.
2707 3349 2790 3360 —
2841 3311 3055 3389 Vides,
3103 3333 3296 3401 quam
3346 3334 3472 3379 non
3521 3315 3801 3384 obscure
3848 3316 3951 3385 bic
3998 3319 4271 3406 primum

864 3426 1215 3516 Iphigeniae
1259 3425 1759 3493 immolationem
1809 3437 2040 3514 tangat.
2131 3427 2327 3492 Etiam
2373 3423 2714 3515 significat,
2772 3427 3039 3515 Argivos
3085 3448 3157 3494 re
3207 3447 3358 3495 vera
3408 3430 3790 3516 perfecisse,
3848 3451 3997 3520 quae
4045 3443 4274 3520 postea

864 3563 901 3608 a
949 3561 1255 3633 praecone
1317 3552 1714 3607 enarrantur.
1802 3541 1960 3606 Nam
2029 3564 2057 3600 α
2081 3526 2292 3625 βὼμοὶ
2336 3537 2392 3606 δ’
2438 3533 2646 3608 ἄιστοι
2704 3540 2810 3607 καὶ
2851 3543 3032 3607 θεῶν
3074 3538 3390 3626 ἱδρύματα
3443 3543 3549 3608 καὶ
3605 3543 3847 3630 σπέρμα
3890 3543 4101 3632 πάσης
4143 3546 4275 3628 ἑξα-

861 3652 1174 3722 πόλλυται
1217 3652 1521 3739 χθονός.»
1577 3678 1632 3721 v.
1680 3655 2050 3722 521—526.
2098 3694 2177 3704 -

1043 3771 1387 3859 Postquam
1449 3769 1603 3836 abiit
1649 3768 2170 3861 Clytaemnestra,
2237 3768 2476 3836 chorus
2519 3771 2658 3837 Jovi
2721 3770 3050 3857 hospitali,
3115 3772 3223 3859 qui
3287 3772 3436 3838 iuris
3494 3771 3855 3861 hospitalis,
3920 3777 4191 3864 turpiter
4236 3797 4274 3843 a

861 3885 1094 3954 Paride
1143 3885 1387 3960 violati,
1450 3884 1679 3951 vindex
1729 3885 2065 3961 exstiterit,
2111 3885 2346 3973 gratias
2408 3885 2537 3974 agit
2581 3884 2891 3973 additque
2951 3885 3167 3974 gravia
3227 3885 3455 3964 verba,
3519 3908 3666 3954 eum
3716 3910 3842 3956 non
3889 3911 4035 3959 esse
4082 3892 4273 3978 pium,

865 4002 972 4091 qui
1021 4000 1347 4089 opinetur,
1394 3997 1557 4066 deos
1602 4019 1826 4064 eorum
1876 4020 2089 4085 neque
2135 4019 2366 4066 curare
2413 4019 2627 4088 neque
2674 3999 2890 4067 ulcisci
2950 4000 3259 4076 facinora,
3321 4000 3429 4088 qui
3476 4001 3652 4090 quod
3698 4017 3986 4071 sanctum
4034 4006 4114 4073 sit
4160 4028 4274 4074 ne·

863 4118 1092 4205 fasque
1140 4114 1387 4189 violari,
1435 4112 1836 4180 conculcent.
1911 4114 2137 4199 Neque
2183 4113 2433 4180 divitias
2478 4123 2672 4202 atque
2723 4135 2883 4201 opes
2931 4135 3046 4181 eos
3092 4113 3450 4182 defendere
3497 4115 3582 4183 ab
3614 4118 3895 4197 interitu,
3942 4122 4049 4209 qui
4082 4121 4274 4189 nimia
4372 4117 4375 4121 ’

863 4231 1087 4299 imbuti
1134 4227 1401 4303 fiducia,
1449 4238 1672 4293 contra
1719 4228 1817 4294 ius
1861 4225 2257 4313 superbiant.
2346 4228 2545 4294 Huius
2591 4228 2681 4295 rei
2730 4239 2959 4294 testem
3010 4250 3154 4296 esse
3203 4229 3526 4308 Paridem,
3573 4233 3681 4320 qui
3714 4232 3957 4301 Helena
4002 4235 4271 4304 seducta

864 4348 963 4414 ius
1010 4342 1325 4432 hospitale
1375 4340 1722 4408 violaverit.
1769 4364 1827 4407 v.
1875 4340 2247 4408 360—404.
2341 4341 2661 4410 Describit
2704 4341 2940 4410 deinde
2988 4342 3251 4411 Helenae
3299 4345 3511 4434 fugam
3560 4357 3625 4414 et
3657 4348 3924 4416 Menelai
3971 4348 4057 4416 ob
4104 4351 4272 4419 banc

866 4463 1069 4549 ipsam
1132 4476 1392 4526 causam
1456 4469 1771 4522 moestam
1832 4456 2161 4522 tristitiam.
2252 4457 2407 4522 Tum
2455 4477 2614 4523 vero
2661 4455 2782 4523 hos
2827 4456 3090 4545 quidem
3138 4458 3225 4523 ait
3267 4457 3527 4527 dolores
3575 4461 3634 4527 in
3682 4463 3833 4550 ipsis
3881 4465 4071 4553 regiis
4116 4465 4276 4532 aedi-

866 4575 989 4643 bus
1035 4572 1353 4660 (Menelai)
1403 4571 1627 4651 fuisse;
1677 4569 1776 4636 his
1824 4591 1980 4637 vero
2028 4569 2224 4637 multo
2273 4591 2417 4637 esse
2466 4572 2761 4637 maiores.
2850 4571 3007 4637 Nam
3056 4583 3327 4659 propter
3372 4594 3520 4650 eos,
3584 4577 3691 4664 qui
3739 4599 3775 4644 e
3823 4590 3996 4645 terra
4055 4601 4273 4669 graeca

868 4689 1141 4778 profecti
1186 4690 1333 4763 sint,
1396 4706 1778 4761 moerorem,
1844 4685 2120 4750 animum
2184 4682 2606 4774 affligentem,
2665 4685 2724 4750 in
2773 4685 3083 4774 cuiusque
3131 4686 3328 4754 domo
3376 4689 3615 4779 agitari.
3706 4691 3830 4759 Pro
3893 4695 4041 4762 viris
4100 4698 4269 4764 enim

866 4823 1046 4871 arma
1094 4814 1158 4868 et
1204 4803 1455 4868 cineres
1501 4803 1562 4866 in
1608 4798 1998 4888 singulorum
2045 4797 2276 4867 domos
2321 4799 2556 4866 reverti
2602 4799 2690 4866 ob
2750 4819 3027 4887 eamque
3090 4820 3352 4868 causam
3415 4805 3644 4873 multos
3702 4826 3878 4884 esse,
3943 4811 4050 4898 qui
4113 4809 4264 4876 indi·

865 4929 1138 5009 gnantes
1182 4917 1456 4982 fremant
1502 4927 1567 4981 et
1615 4912 1844 4980 invidia
1892 4911 2279 4988 Atridarum,
2328 4913 2447 4981 litis
2491 4925 2858 4991 auctorum,
2917 4916 3146 5003 repleti
3190 4919 3331 4983 sint.
3418 4919 3643 5008 Itaque
3690 4921 3995 4990 invadere
4040 4946 4112 4992 se
4161 4946 4274 4993 cu·

868 5052 1037 5109 ram,
1104 5051 1185 5097 ne
1233 5028 1384 5118 quid
1434 5028 1653 5095 audiat
1696 5029 1833 5094 atri.
1923 5028 2149 5116 Neque
2210 5028 2377 5095 enim
2440 5048 2590 5106 eoS,
2646 5031 2752 5116 qui
2812 5027 3043 5097 multos
3088 5031 3472 5108 occiderint,
3535 5055 3573 5100 a
3619 5033 3737 5102 diis
3782 5057 3907 5102 non
3968 5041 4272 5128 conspici,
