4917 5950
2573 343 2614 408 t

868 556 1142 647 proinde
1187 556 1398 644 accipi
1444 554 1666 631 velim,
1726 573 1807 622 ac
1851 555 1903 620 si
1951 554 2102 620 nihil
2147 555 2362 621 verius
2408 553 2535 621 dici
2583 575 2776 643 posse
2827 568 3080 643 putem,
3140 569 3208 620 ut
3254 557 3337 622 ita
3382 556 3684 625 lubenter
3731 559 3936 647 patiar
3994 559 4280 642 iudicari,

868 692 977 740 me
1020 692 1147 739 non
1194 669 1370 759 quod
1419 680 1667 738 rectum
1714 670 1795 738 sit
1838 670 2203 757 scripsisse,
2250 668 2370 738 sed
2417 669 2593 758 quod
2645 688 2836 757 quam
2885 669 3159 738 maxime
3208 692 3588 759 persuasum
3635 672 3935 742 habeam.
3979 712 4066 725 —

1045 786 1423 873 Priusquam
1484 795 1701 851 autem
1762 782 2133 873 respondeo
2181 783 2266 850 ad
2311 783 2411 860 id,
2473 781 2650 872 quod
2709 783 2969 871 suscepi
3030 783 3464 864 tractandum,
3528 797 3595 854 et
3652 788 3984 856 consilium
4047 811 4280 872 meum,

869 899 1061 989 quale
1106 900 1188 966 sit
1230 898 1664 988 propositum,
1712 909 1779 966 et
1824 918 2067 975 rerum,
2115 896 2200 966 de
2248 896 2484 985 quibus
2531 896 2861 983 disputare
2909 897 2970 963 in
3017 899 3228 966 animo
3278 911 3401 976 est,
3450 900 3743 968 ordinem
3790 924 4131 992 exponam.

1045 1013 1324 1080 Primum
1373 1012 1559 1101 igitur
1603 1011 1688 1079 de
1736 1010 2006 1090 sabulae,
2071 1032 2221 1101 quae
2265 1011 2383 1077 fuit
2425 1023 2575 1078 ante
2622 1010 3011 1102 Aeschylum
3060 1012 3145 1080 de
3190 1013 3529 1104 tragoediae
3575 1018 3928 1105 propositae
3988 1023 4283 1108 personis

870 1147 1230 1216 eorumque
1277 1127 1449 1202 satis,
1498 1127 1744 1216 origine
1791 1138 1859 1194 et
1902 1137 2126 1194 natura
2173 1124 2415 1206 dicam;
2477 1123 2714 1193 'deinde
2777 1126 3115 1215 tragoediae
3171 1141 3616 1217 argumentum
3663 1132 3747 1198 ita
3795 1154 4148 1224 exponam,
4213 1149 4284 1203 ut

871 1263 989 1311 eos
1032 1242 1430 1331 potissimum
1476 1241 1659 1309 locos
1703 1241 2075 1329 consignem
2124 1253 2191 1307 et
2233 1241 2648 1329 interpreter,
2711 1239 2944 1329 quibus
3000 1241 3199 1309 caedis
3245 1246 3739 1331 Agamemnonis
3784 1267 4001 1317 causae
4045 1251 4282 1341 signifi-

870 1369 1037 1427 catae
1081 1357 1231 1433 sint3
1279 1354 1562 1445 denique
1607 1355 1951 1443 inquiram,
2000 1375 2126 1444 qua
2176 1354 2234 1420 in
2284 1376 2356 1422 re
2404 1353 2744 1443 tragoediae
2792 1355 2886 1422 vis
2933 1356 3194 1423 interior
3239 1359 3445 1444 posita
3493 1379 3638 1426 esse
3684 1359 3997 1429 videatur.

1046 1474 1138 1539 Ac
1182 1472 1456 1559 primum
1501 1468 1764 1558 quidem
1812 1468 1986 1558 quod
2036 1470 2315 1557 pertinet
2359 1468 2440 1535 ad
2489 1468 2827 1559 tragoediae
2876 1490 3188 1557 personas
3250 1492 3608 1562 eorumque
3655 1474 3806 1553 sata,
3870 1497 3949 1543 ex
3996 1479 4280 1548 Homero

870 1587 1284 1676 perspicuum
1331 1597 1456 1662 est,
1517 1584 1642 1650 iam
1690 1594 1839 1652 ame
1889 1583 2255 1675 odysseam
2316 1582 2634 1651 excultam
2694 1584 2778 1652 de
2825 1561 2928 1652 his·
2966 1585 3162 1653 fuisse
3223 1584 3524 1654 fabulam.
3615 1587 3738 1656 cfr.
3786 1589 4024 1682 odyss„
4069 1616 4129 1661 α.
4171 1594 4278 1672 39,

868 1701 1023 1770 298.
1065 1725 1123 1785 γ.
1174 1699 1331 1777 493,
1376 1698 1539 1777 234,
1586 1697 1971 1776 sss—275,
2019 1698 2168 1766 303.
2213 1698 2269 1764 ἃ.
2316 1696 2687 1766 cruz—538.
2733 1703 2789 1766 λ.
2835 1699 3207 1766 405-465.
3254 1725 3327 1767 ω.
3377 1700 3522 1768 ⁴99.
3591 1702 3680 1769 Ex
3727 1703 3826 1771 his
3865 1704 4025 1773 locis
4055 1720 4282 1797 patent

868 1813 1046 1884 baec:
1089 1817 1561 1905 Agamemnon,
1623 1813 1793 1880 Atrei
1838 1809 2035 1893 filius,
2098 1834 2293 1901 quum
2343 1811 2820 1901 expeditionem
2867 1826 3088 1881 contra
3137 1816 3388 1881 Troiam
3433 1818 3823 1906 susciperet,
3885 1819 4279 1912 Clytaemne·

866 1940 1064 1998 stram
1110 1948 1381 1996 uxorem
1427 1947 1606 1996 curae
1651 1925 2096 2015 custodiaeque
2142 1929 2421 1995 cantoris
2468 1928 2798 1995 cuiusdam
2846 1923 3101 2010 (ἀοιδοῦ
3145 1924 3409 2014 ἀνδρός)
3456 1921 3893 2000 mandaverat.
3980 1941 4058 2001 At
4092 1938 4280 2027 Aegi-

866 2043 1077 2122 sthus,
1140 2042 1445 2134 Thyestae
1490 2037 1681 2119 filius,
1738 2041 2049 2129 regnandi
2097 2040 2447 2130 cupiditate
2495 2041 2832 2130 impulsus,
2895 2042 3047 2109 dum
3095 2043 3288 2111 abest
3329 2046 3746 2136 Mycenarum
3809 2069 3952 2124 rex,
4017 2065 4277 2121 versute

868 2159 935 2226 in
978 2157 1448 2226 matrimonium
1496 2154 1764 2244 petebat
1807 2155 2112 2244 reginam.
2204 2157 2367 2235 Quae
2416 2158 2532 2224 etsi
2580 2157 2685 2223 diu
2744 2157 3057 2224 suadente
3115 2157 3220 2225 illo
3276 2172 3540 2228 cantore
3602 2181 3893 2229 amorum
3953 2164 4279 2235 illecebris

868 2271 1236 2349 resistebat,
1297 2282 1538 2347 tamen,
1599 2281 1981 2357 corruptore
2043 2289 2170 2337 non
2233 2282 2527 2338 cessante
2575 2272 2635 2337 in
2682 2272 2893 2338 studio
2939 2284 3134 2360 atque
3195 2293 3398 2359 opere
3444 2295 3599 2351 suo,
3660 2288 4003 2366 postquam
4061 2295 4279 2351 custos

867 2385 1076 2456 fidelis
1118 2388 1181 2454 in
1226 2384 1449 2453 insulae
1496 2383 1829 2452 cuiusdam
1865 2383 2221 2451 vastitatem
2255 2386 2500 2452 eiectus
2531 2398 2655 2460 est,
2702 2384 2785 2452 ab
2817 2386 3029 2454 animo
3061 2408 3178 2455 suo
3209 2387 3468 2455 tandem
3503 2390 3892 2476 impetravit,
3941 2404 4010 2459 ut
4038 2408 4280 2483 praeter

869 2502 968 2570 ins
1010 2520 1090 2569 ac
1134 2512 1425 2567 naturam
1471 2499 1940 2567 matrimonium
1989 2497 2418 2565 contraheret.
2511 2501 2653 2579 Quo
2702 2499 2872 2566 sacto
2920 2520 3066 2566 cum
3111 2502 3413 2591 Aegistho
3460 2504 3522 2569 in
3554 2503 3817 2571 domum
3847 2509 4115 2597 regiam,
4165 2532 4275 2578 ex-

868 2628 1075 2684 trema
1096 2617 1408 2705 Argorum
1431 2626 1615 2702 parte
1637 2614 1854 2687 sitam,
1902 2611 2076 2679 abiit.
2121 2614 2251 2679 lam
2283 2634 2472 2690 vero,
2520 2634 2715 2703 quum
2747 2615 2958 2702 gravis
2987 2615 3071 2682 ab
3096 2621 3575 2704 Agamemnone
3610 2620 3761 2687 ultio
3794 2623 4278 2693 extimescenda

870 2742 1072 2809 esset,
1134 2750 1174 2798 e
1220 2728 1437 2798 medio
1496 2728 1669 2795 hunc
1727 2726 1859 2795 tolli
1905 2746 2177 2795 necesse
2237 2740 2393 2795 erat.
2485 2730 2709 2816 ltaque
2770 2727 2966 2796 homo
3029 2729 3325 2818 quidam,
3386 2732 3494 2820 qui
3559 2746 3731 2802 esset
3777 2737 3837 2802 in
3882 2738 4165 2825 speculis
4211 2758 4277 2808 et

872 2845 1254 2914 redeuntem
1301 2843 1655 2912 exercitum
1701 2839 2044 2920 indicaret,
2108 2841 2420 2910 mercede
2469 2842 2827 2910 conductus
2873 2856 2989 2910 est.
3080 2845 3137 2910 Is
3184 2857 3525 2934 postquam
3571 2868 3804 2916 annum
3860 2853 4277 2943 pervigilavit,

866 2960 1127 3030 tandem
1186 2959 1383 3050 regis,
1445 2956 1626 3027 foeda
1685 2967 2071 3045 tempestate
2140 2981 2166 3019 α
2190 2951 2395 3042 ἀγροῦ
2455 2952 2552 3024 ἐπ’
2612 2955 2945 3044 ἐσχατιήν,
3003 2949 3115 3025 ὅθι
3159 2956 3423 3044 δώματα
3466 2968 3603 3028 ναῖε
3651 2962 3937 3051 Θυέστης
3978 2962 4055 3034 τὸ
4099 2970 4272 3055 πρίν,

865 3071 1028 3163 ὀιᾶρ
1083 3069 1215 3143 τότ’
1274 3072 1441 3140 ἔναιε
1500 3069 1895 3157 Θυεστιάδης
1951 3073 2342 3157 Αὔγισθος,»
2409 3074 2567 3152 (cfr.
2614 3072 2854 3166 Odyss
2914 3074 2970 3141 ἃ.
3015 3075 3183 3159 517)
3246 3077 3479 3143 deiecti
3535 3077 3882 3147 adventum
3942 3085 4276 3154 renuntiat.

864 3190 1153 3260 venienti
1210 3187 1470 3257 obviam
1529 3186 1826 3276 procedit
1884 3186 2221 3277 Aegisthus
2278 3200 2598 3275 vocatque
2661 3189 2742 3254 nil
2802 3191 3294 3279 praesagientem
3357 3191 3439 3258 ad
3504 3193 3747 3280 epulas.
3853 3202 3930 3262 At
3986 3197 4272 3285 perfidus

866 3307 1243 3377 convivator
1300 3303 1571 3392 eiusque
1628 3313 1815 3369 taetra
1869 3323 2034 3368 uxor
2078 3314 2267 3389 turpe
2331 3301 2671 3369 moliuntur
2731 3303 2947 3371 letum.
3037 3305 3198 3370 Nam
3258 3324 3453 3392 supra
3511 3309 3739 3396 epulas
3798 3312 4009 3401 viginti
4066 3315 4275 3384 sicarii

863 3421 1076 3490 subito
1123 3441 1205 3487 ex
1248 3416 1514 3485 latebris
1557 3429 2020 3506 consurgentes
2063 3422 2608 3506 Agamemnonem
2668 3418 2935 3505 eiusque
2991 3420 3205 3486 socios
3261 3420 3633 3507 opprimunt
3677 3436 3742 3491 et
3787 3439 4040 3497 necant.
4127 3432 4275 3517 Ipsa

866 3534 1251 3610 Cassandra,
1298 3551 1493 3621 quam
1541 3530 1643 3599 ille
1674 3531 1994 3620 captivam
2028 3532 2213 3598 Troia
2261 3548 2482 3599 secum
2530 3531 2829 3609 duxerat,
2877 3552 2914 3597 a
2948 3531 3438 3624 Clytaemnestra
3467 3536 3680 3624 gladio
3709 3544 4083 3626 percutitur.
4156 3545 4274 3614 Ubi

864 3663 1018 3719 tunc
1064 3649 1334 3716 Orestes
1379 3643 1543 3713 filius
1588 3657 1786 3721 esset,
1843 3649 2278 3736 Agamemnon
2330 3647 2511 3738 Ulyxi
2557 3645 2729 3734 apud
2776 3646 3018 3713 inferos
3078 3649 3354 3714 versanti
3416 3647 3636 3718 dicere
3697 3675 3823 3720 non
3886 3669 4116 3743 potest.
4161 3662 4273 3728 cfr.

866 3766 1108 3857 odyss.
1149 3766 1205 3830 λ.
1251 3762 1398 3829 463.
1489 3758 1621 3828 Sed
1668 3759 1850 3827 locus
1896 3759 2218 3850 Odysseae
2266 3785 2326 3844 γ.
2373 3762 2503 3827 305
2549 3783 2645 3849 sq.
2689 3762 2841 3828 satis
2887 3760 3312 3839 demonstrat,
3361 3763 3532 3831 illum
3580 3778 3810 3835 octavo
3838 3767 4074 3839 debinc
4100 3792 4269 3843 anno

862 3880 1126 3948 Athenis
1172 3876 1420 3944 venisse
1469 3888 1535 3943 et
1579 3895 1705 3941 non
1752 3873 1958 3941 solum
2004 3875 2316 3963 Aegisthi,
2362 3875 2478 3942 sed
2528 3875 2718 3941 etiam
2749 3876 2966 3942 matris
2994 3876 3245 3943 caedem
3279 3889 3344 3944 et
3372 3882 3760 3949 occisionem
3793 3884 4027 3953 secisse
4058 3908 4270 3978 eaque

864 4017 938 4065 re
984 3996 1128 4079 (cfr.
1173 4018 1230 4078 γ.
1277 3991 1438 4073 204)
1485 4009 1779 4078 magnam
1828 3989 1947 4056 sibi
1997 4009 2411 4077 comparasse
2456 3989 2743 4079 gloriam.
2819 3989 3053 4057 Contra
3101 4011 3178 4057 ea
3228 3992 3507 4083 Tyndari
3543 3992 3695 4072 filia,
3745 4018 3892 4085 quae
3933 4003 4270 4093 coniugem

864 4110 1144 4186 necavit,
1194 4104 1474 4173 tristibus
1517 4102 1887 4172 celebratur
1934 4103 2340 4171 carminibus.
2386 4105 2499 4170 cfr.
2546 4128 2619 4171 ω.
2664 4105 2814 4171 900.
2855 4140 2940 4153 -

1042 4224 1130 4291 En
1190 4218 1627 4308 antiquissima
1683 4217 1768 4285 de
1829 4217 2165 4308 tragoediae
2229 4218 2522 4306 personis
2582 4239 2940 4307 eorumque
2998 4219 3160 4286 satis.
3263 4221 3349 4287 Ex
3415 4222 3704 4312 cyclicis,
3781 4248 3946 4316 quos
4021 4246 4267 4313 vocant,

864 4340 1100 4431 poetis,
1161 4334 1339 4425 quod
1384 4333 1612 4411 sciam,
1674 4333 1906 4421 Hagias
1954 4334 2353 4409 Troezenius,
2413 4344 2478 4399 et
2524 4353 2561 4399 e
2607 4332 2825 4423 lyricis
2872 4333 3279 4402 Stesichorus
3335 4337 3692 4406 Himeraeus
3748 4342 4025 4410 eandem
4086 4346 4271 4415 fabu-

860 4455 986 4522 lam
1034 4460 1404 4519 tractarunt.
1496 4446 1744 4527 Quibus
1791 4467 1939 4535 quae
1987 4445 2230 4513 debeat
2273 4445 2656 4537 Aeschylus,
2706 4447 2994 4535 expediri
3045 4451 3280 4538 nequit.
3370 4452 3501 4517 Iam
3549 4454 3886 4542 quaeritur,
3935 4480 4082 4525 num
4131 4463 4271 4531 talis

862 4566 1076 4637 sabula
1122 4575 1275 4653 apta
1321 4563 1643 4652 dignaque
1691 4562 1910 4637 fuerit,
1957 4581 2106 4649 quae
2154 4561 2235 4627 ad
2267 4580 2530 4627 scenam
2566 4574 3086 4650 componeretur.
3144 4565 3510 4643 Hominem,
3559 4570 3738 4656 regio
3763 4572 4009 4640 semine
4042 4586 4272 4657 ortum,

863 4696 933 4751 ut
975 4684 1036 4750 in
1082 4680 1324 4748 alienas
1370 4676 1608 4745 involet
1654 4676 2126 4764 possessioneS,
2172 4675 2539 4785 depravare
2587 4690 2652 4743 et
2697 4696 3120 4766 corrumpere
3169 4680 3452 4767 reginam
3502 4691 3566 4747 et
3611 4701 3755 4748 cum
3805 4704 3883 4751 ea
3919 4685 4268 4777 legitimum

862 4799 1156 4865 maritum
1202 4792 1626 4870 obtruncare,
1671 4792 1935 4879 vulgare
1982 4800 2177 4879 atque
2225 4789 2470 4857 foedum
2521 4802 2635 4857 est.
2725 4792 2951 4880 Neque
3015 4792 3219 4859 minus
3280 4793 3541 4883 vulgare
3601 4807 3796 4884 atque
3858 4799 4105 4869 foedum
4154 4817 4267 4884 est,

861 4913 1173 5003 reginam,
1222 4908 1458 4976 amoris
1502 4906 1769 4974 stimulis
1814 4906 2139 4993 agitatam,
2191 4925 2272 4972 eo
2320 4905 2550 4972 furoris
2597 4906 2848 4983 venire,
2898 4917 2967 4971 ut
3009 4905 3220 4973 auxilii
3266 4907 3525 4994 inopem
3571 4912 3890 4997 captivam
3927 4928 4077 4983 ante
4107 4939 4265 4986 ocu-

860 5027 958 5098 los
1004 5022 1367 5093 moribundi
1411 5020 1616 5087 mariti
1659 5018 1871 5109 gladio
1922 5018 2254 5107 percutiat.
2346 5019 2531 5087 Tales
2577 5032 2791 5086 autem
2840 5040 2971 5097 reS,
3034 5018 3267 5110 quibus
3325 5035 3763 5109 spectatorum
3810 5039 4097 5115 gustatus
4144 5032 4262 5101 bo·
