4917 5950
2650 288 2732 355 44

985 513 1328 599 Postquam
1380 509 1564 596 igitur
1609 505 2095 596 Clytaemnestra
2148 503 2521 590 explicavit,
2585 524 2701 569 cur
2747 504 3038 568 maritum
3087 503 3360 569 necandi
3408 503 3526 570 sibi
3575 504 3670 570 ius
3718 517 4232 593 potestatemque
4280 507 4395 573 da-

985 641 1110 693 tam
1160 646 1304 691 esse
1352 622 1700 710 putaverit,
1750 619 1988 686 chorus
2035 622 2216 705 inops
2263 617 2502 684 consilii
2551 613 2899 702 (ἀμηχανῶ
2945 620 3292 702 φροντίδος
3335 620 3708 703 στερηθείς)
3758 623 3873 685 etsi
3916 633 4107 706 negat
4154 622 4394 688 facinus

986 766 1106 832 per
1150 741 1315 807 illam
1367 741 1503 804 iure
1553 745 1990 822 perpetratam
2040 755 2213 807 esse,
2262 746 2480 798 tamen
2525 733 2758 798 sensim
2808 732 2926 797 sibi
2978 733 3355 819 persuadet,
3415 739 3955 820 Agamemnonem
4005 756 4117 801 sua
4168 749 4232 802 et
4281 757 4394 824 pa·

981 860 1092 925 tris
1140 856 1326 943 eulpa
1376 852 1692 919 occidisse
1744 849 2073 936 habetque
2122 849 2179 932 in
2230 848 2498 933 optatis,
2549 859 2615 912 ut
2660 847 2908 912 Alastor
2954 847 3089 923 ille,
3140 847 3589 934 Pelopidarum
3637 849 3814 934 stirpi
3859 848 4281 937 agglutinatus
4314 873 4394 917 ex

982 972 1233 1041 aedibus
1280 970 1469 1057 regiis
1518 965 1895 1052 expellatur.
1990 964 2185 1027 Etiam
2236 961 2728 1052 Clytaemnestra
2776 961 3090 1048 quidlibet
3137 961 3269 1028 vult
3316 962 3635 1049 perferre,
3696 962 3890 1029 modo
3944 963 4063 1029 sibi
4111 968 4398 1054 contige-

983 1091 1087 1164 rit,
1138 1101 1205 1152 ut
1251 1084 1523 1151 insanias
1571 1093 1930 1146 mutuarum
1981 1077 2254 1143 caedium
2305 1097 2383 1143 ex
2434 1074 2686 1142 aedibus
2724 1077 2932 1142 eiiciat
2964 1075 3359 1164 efficiatque,
3409 1089 3685 1143 utvetus
3711 1076 4121 1166 acerbosque
4150 1079 4397 1146 Alastor

981 1206 1041 1271 in
1091 1202 1275 1269 aliam
1326 1198 1622 1264 familiam
1673 1205 1971 1259 transeat.
2042 1193 2146 1258 Sic
2195 1191 2548 1256 animorum
2599 1203 2810 1256 motus
2857 1191 3158 1277 paulatim
3209 1212 3432 1257 eorum
3484 1192 3910 1279 tranquillitati
3960 1194 4215 1259 cedunt.
4265 1232 4346 1241 —

1161 1315 1291 1383 Sed
1339 1336 1463 1378 non
1509 1310 1979 1399 acquiescimus
2028 1309 2087 1370 in
2136 1305 2646 1396 Clytaemnestrae
2693 1306 3263 1392 argumentatione.
3353 1307 3507 1371 Haec
3555 1327 3684 1393 quo
3743 1308 3878 1372 iure
3927 1328 4044 1392 pro
4093 1308 4394 1399 Thyestae

984 1434 1148 1508 filiis,
1210 1431 1293 1497 ab
1345 1437 1534 1493 Atreo
1596 1424 1913 1513 iugulatiS‚
1978 1422 2268 1486 maritum
2334 1420 2567 1486 necat?
2642 1419 2869 1485 Verum
2919 1420 3181 1506 quidem
3231 1433 3356 1495 est,
3420 1426 3679 1506 poetam
3732 1422 3828 1486 vel
3879 1423 4218 1487 maximam
4271 1425 4392 1487 vim

980 1551 1150 1617 Atrei
1198 1544 1433 1633 flagitio
1483 1540 1798 1607 tribuisse.
1891 1538 2041 1602 Tam
2091 1556 2270 1621 saepe
2320 1536 2487 1600 enim
2537 1547 2602 1601 et
2648 1555 2685 1598 a
2719 1534 3074 1600 Cassandra
3126 1547 3188 1599 et
3232 1554 3268 1600 a
3304 1534 3505 1600 choro
3539 1535 3811 1622 ipsaque
3842 1535 4394 1626 a-Clytaemnestra

983 1673 1525 1734 commemoratur
1573 1668 1833 1741 tamque
1884 1651 2134 1738 vulgata
2185 1662 2325 1714 erat
2369 1649 2471 1714 illa
2521 1650 2688 1714 Atrei
2739 1649 3023 1722 soeditas,
3073 1661 3138 1713 ut
3186 1648 3449 1713 dubium
3500 1671 3623 1715 non
3672 1651 3776 1722 sit,
3842 1652 3992 1739 quin
4041 1652 4396 1741 Aeschylus

982 1780 1336 1852 scelerum,
1383 1793 1530 1863 quae
1580 1769 1891 1854 deinceps
1935 1777 2319 1852 sequuntur,
2382 1765 2616 1829 seriem
2665 1762 2746 1826 ad
2798 1763 2962 1827 illam
3015 1764 3408 1850 potissimum
3457 1761 3839 1849 πρώταρχον
3882 1757 4047 1847 ἄτην
4094 1766 4396 1831 retulerit.

983 1898 1168 1965 Adde
1215 1892 1390 1983 quod
1440 1893 1654 1975 po'etae
1705 1895 1923 1949 nostro
1974 1880 2241 1944 numinis
2302 1878 2493 1943 divini
2557 1878 2786 1943 iustitia
2846 1879 3241 1944 sanctissima
3291 1892 3386 1954 et,
3448 1891 3513 1943 ut
3560 1880 3642 1945 ita
3692 1878 3932 1955 dicam,
3993 1881 4396 1946 severissima

987 2027 1111 2089 est,
1160 2030 1307 2099 quae
1354 2003 1543 2071 talem
1598 2019 1825 2066 noxam
1876 1996 2244 2081 impunitam
2308 2013 2570 2058 manere
2629 2014 2893 2078 prorsus
2940 1994 3069 2079 pati
3121 2015 3244 2058 non
3297 1997 3524 2080 possit,
3589 1995 3715 2059 imo
3766 2014 3882 2080 par
3931 2008 3996 2059 ut
4043 1995 4177 2080 pari
4228 1995 4396 2061 refe-

987 2143 1162 2198 ratur
1222 2117 1632 2190 inexorabilis
1690 2110 2073 2199 expostulet.
2163 2106 2367 2173 Nihilo
2434 2108 2638 2172 minus
2698 2121 2914 2173 nostro
2978 2110 3114 2173 iure
3175 2110 3554 2196 quaerimuS,
3618 2129 3733 2175 cur
3790 2109 4278 2198 Clytaemnestra
4324 2130 4395 2175 se

985 2242 1135 2312 illud
1186 2239 1354 2306 Atrei
1402 2232 1700 2320 flagitium
1750 2225 2097 2292 ulciscendi
2148 2235 2364 2310 partes
2412 2223 2777 2309 veterisque
2823 2223 3127 2287 Alastoris
3175 2245 3516 2309 personam
3564 2225 3943 2309 susceperit.
4008 2224 4194 2288 Brevi
4229 2244 4396 2308 prae·

986 2359 1216 2427 cidam.
1274 2354 1412 2418 Non
1444 2347 1982 2437 Clytaemnestrae‚
2028 2338 2145 2406 sed
2195 2335 2473 2425 Aegisthi
2516 2333 2896 2422 τριπάχυιος
2939 2332 3235 2424 ἀλάστωρ
3282 2337 3510 2423 (malus
3555 2338 3801 2426 genius)
3849 2337 3933 2402 de
3980 2341 4172 2402 Atreo
4207 2340 4396 2403 sumit

988 2473 1362 2541 vindictam,
1410 2459 1715 2549 Aegisthi,
1778 2458 2067 2544 inquam,
2130 2453 2556 2538 corruptoris,
2620 2455 2726 2538 qui
2776 2427 3364 2543 Clytaemnestram,
3427 2454 3548 2517 iam
3598 2452 3721 2518 alio
3772 2452 4034 2518 vulnere
4081 2466 4397 2539 aegrotan-

989 2604 1151 2666 tem,
1215 2575 1615 2651 exhortando
1665 2576 1746 2639 ita
1796 2569 2164 2644 stimulavit,
2230 2580 2297 2631 ut
2344 2568 2486 2632 haec
2535 2567 2716 2655 quasi
2765 2588 2943 2634 caeca
2993 2588 3194 2653 pravo
3253 2567 3411 2631 illius
3467 2568 3655 2655 genio
3717 2567 4067 2632 inserviens
4126 2567 4396 2633 alienam

995 2723 1257 2775 causam
1303 2719 1374 2763 se
1421 2713 1602 2760 suam
1651 2688 1882 2755 fecisse
1930 2685 2175 2750 mentiri
2226 2704 2349 2748 non
2398 2680 2665 2748 dubitet.
2712 2718 2791 2731 -

1168 2809 1503 2902 Aegisthus
1549 2802 1814 2871 simulac
1861 2801 1919 2864 in
1968 2819 2228 2865 scenam
2279 2796 2544 2883 prodiit,
2603 2797 2853 2863 scelera
2900 2796 3102 2862 choro
3152 2808 3435 2870 enarrat,
3495 2817 3642 2883 quae
3691 2798 3918 2861 Atreus
3966 2794 4112 2860 olim
4163 2818 4398 2883 perpe·

992 2932 1270 3004 traverit.
1364 2927 1506 3005 Quo
1557 2922 1761 2987 sacto:
1830 2917 2087 2981 «Hasce
2135 2914 2395 3002 igitnr‚»
2469 2912 2700 3000 inquit,
2768 2911 2908 2978 «ob
2958 2930 3186 2978 causas
3233 2911 3401 2975 illum
3452 2911 4065 2999 (Agamemnonem)
4109 2913 4202 2979 sic
4250 2933 4398 3000 pro-

991 3062 1254 3120 stratum
1306 3042 1525 3107 videre
1575 3035 1740 3101 licet.
1834 3032 1963 3118 Ego
2015 3051 2168 3095 vero
2218 3030 2413 3094 iustus
2462 3028 2660 3094 caedis
2705 3026 2970 3093 huiusce
3017 3040 3242 3093 auctor
3287 3049 3498 3091 sum.»
3588 3026 3715 3090 Sed
3766 3046 4062 3112 quaenam
4109 3040 4254 3092 sunt
4300 3027 4400 3093 illa

993 3165 1269 3236 scelera,
1320 3176 1467 3245 quae
1515 3174 1586 3218 se
1636 3150 1831 3215 ultum
1884 3157 1948 3209 et
1995 3158 2407 3231 persecutum
2440 3142 2636 3209 dicit?
2689 3144 3040 3216 «ΑΗ-θυεμ)
3095 3142 3319 3227 inquit,
3373 3141 3610 3207 «huius
3642 3153 3831 3206 terrae
3865 3162 4006 3215 rex,
4055 3140 4397 3232 Thyesten,

995 3301 1207 3348 meum
1257 3285 1538 3362 patrem,
1601 3265 1684 3331 de
1733 3261 2006 3348 imperio
2065 3280 2208 3324 cum
2260 3280 2341 3323 eo
2389 3269 2741 3324 certantem
2791 3279 2868 3321 ex
2919 3256 3082 3321 urbe
3141 3258 3346 3321 eiecit.
3436 3257 3569 3321 Nec
3619 3270 3830 3321 tamen
3881 3256 3938 3319 id
3987 3257 4137 3321 satis
4200 3258 4396 3323 visum

993 3409 1092 3465 est
1140 3389 1400 3458 iniuriae.
1492 3384 1700 3461 Quum
1752 3378 1917 3442 enim
1966 3374 2067 3440 hic
2114 3372 2316 3438 redux
2366 3372 2445 3436 ad
2497 3392 2672 3437 aram
2722 3369 3140 3436 domesticam
3202 3369 3472 3436 salutem
3533 3382 3760 3455 petens
3819 3370 4234 3459 confugisset,
4297 3372 4399 3438 ille

993 3508 1321 3580 simulans,
1371 3522 1440 3567 sc
1491 3497 1660 3561 diem
1710 3494 1939 3557 festum
1989 3488 2194 3575 epulis
2242 3487 2524 3551 hilariter
2572 3484 3047 3551 celebraturum
3095 3506 3272 3559 esse,
3329 3486 3584 3549 vocavit
3638 3483 3994 3570 supplicem
4046 3486 4235 3573 eique
4284 3487 4401 3553 do-

996 3645 1220 3694 norum
1270 3611 1675 3702 hospitalium
1724 3608 1900 3680 loco,
1949 3604 2121 3668 diras
2167 3602 2398 3687 dapes,
2458 3600 2727 3666 filiorum
2774 3599 3196 3688 iugulatorum
3247 3620 3503 3675 cai-neS,
3566 3597 4006 3665 comedendas
4052 3603 4404 3686 proposuit.

999 3746 1139 3822 Qua
1189 3758 1260 3802 re
1308 3738 1641 3816 comperta
1708 3738 1890 3809 pater
1954 3731 2146 3784 totam
2208 3716 2461 3802 Pelopis
2520 3714 2891 3801 progeniem
2959 3728 3330 3779 exsecratus
3391 3728 3505 3778 est.
3596 3714 3778 3779 Adde
3841 3714 4012 3800 quod
4081 3715 4220 3801 ipse
4280 3716 4399 3793 hic,

1000 3876 1192 3946 quem
1244 3846 1423 3912 vides
1473 3849 1886 3930 prostratum,
1950 3854 2052 3899 me
2118 3833 2367 3897 tertium
2433 3828 2656 3904 tilium,
2720 3828 2826 3917 qui
2887 3848 3265 3915 supereram
3331 3828 3564 3893 misero
3628 3829 3818 3914 patri,
3881 3830 3938 3893 in
4004 3830 4212 3896 fasciis
4272 3844 4401 3896 tum

996 3969 1367 4039 cubantem,
1417 3956 1667 4024 aedibus
1715 3951 2009 4038 urbeque
2059 3946 2320 4034 expulit.
2411 3944 2640 4010 Verum
2688 3942 2972 4008 adultum
3020 3943 3272 4009 reduxit
3331 3943 3576 4009 iustitia.
3671 3944 3799 4032 Ego
3863 3944 4201 4030 perniciosi
4249 3966 4403 4012 con-

997 4087 1110 4155 silii
1161 4080 1470 4147 rationem
1520 4070 1798 4136 inveni.»
1855 4086 1910 4129 v.
1960 4060 2414 4128 4570—1601.

1010 4176 1029 4191 χ
1176 4197 1282 4262 Sic
1342 4190 1527 4278 igitur
1574 4179 1908 4271 Aegisthus
1965 4178 2050 4244 de
2114 4174 2238 4241 filio
2302 4174 2499 4261 patris
2559 4172 2730 4239 haud
2797 4172 3096 4238 naturalis
3145 4186 3208 4237 et
3254 4170 3534 4238 crudelis
3596 4171 3937 4237 vindictam
3985 4194 4055 4239 se
4102 4177 4403 4242 sumsisse

999 4310 1344 4385 contendit.
1436 4305 1634 4368 Recte
1682 4317 1829 4364 eum
1878 4294 2117 4381 egisse,
2167 4290 2403 4357 chorus
2448 4310 2531 4354 ne
2580 4285 2782 4353 verbo
2829 4287 3089 4373 quidem
3150 4288 3371 4375 tangit,
3436 4287 3561 4351 imo
3611 4285 3977 4372 parricidae,
4028 4290 4128 4354 cui
4176 4289 4398 4355 timidi·
4483 4293 4490 4299 ’

1000 4444 1196 4497 tatem
1247 4434 1311 4490 et
1359 4415 1669 4508 ignaviam
1719 4413 1980 4495 insuper
2028 4402 2409 4493 exprobrat,
2459 4421 2719 4489 poenam
2765 4400 3168 4487 lapidationis
3215 4400 3654 4466 comminatur.
3748 4401 3886 4479 Qua
3942 4423 4011 4468 re
4060 4403 4255 4470 iratus
4301 4405 4404 4473 ille

1002 4546 1268 4614 chorum
1318 4558 1388 4599 se
1437 4529 1680 4597 catenis
1746 4526 2047 4608 fameque
2109 4520 2497 4585 domitarum
2564 4518 2773 4582 iactat.
2864 4518 2991 4581 lam
3039 4515 3123 4581 ad
3173 4517 3295 4580 vim
3357 4528 3658 4602 spectare
3724 4536 3827 4581 res
3889 4515 4158 4585 videtur.
4251 4521 4406 4584 Tum

1002 4680 1159 4726 vero
1207 4651 1694 4744 Clytaemnestra
1761 4655 1825 4705 et
1869 4634 2235 4725 Aegisthum
2285 4646 2350 4699 et
2395 4631 2661 4699 chorum
2721 4629 3057 4703 admonet,
3120 4630 3420 4717 quoniam
3484 4630 3636 4695 satis
3698 4630 3822 4694 iam
3882 4631 3962 4695 sit
4020 4631 4408 4711 calamitatis,

1004 4789 1071 4841 ut
1118 4774 1177 4837 in
1243 4776 1571 4855 posterum
1621 4780 1656 4824 a
1709 4757 1763 4821 vi
1829 4766 1894 4820 et
1957 4750 2142 4819 caede
2203 4748 2581 4814 abstineant.
2672 4744 2816 4824 Quo
2877 4745 3047 4811 facto
3111 4744 3348 4811 chorus
3408 4764 3708 4830 speranS,
3772 4745 3943 4819 sore,
4007 4757 4074 4810 ut
4121 4745 4407 4823 Orestes,

1005 4878 1497 4978 Agamemnonis
1544 4873 1729 4948 filius,
1777 4865 2122 4957 aliquando
2168 4861 2428 4937 redeat,
2476 4859 3027 4950 Clytaemnestram
3076 4859 3401 4947 gallinam,
3448 4857 3816 4947 Aegisthum
3866 4858 4148 4926 timidum
4174 4861 4407 4950 gallum

1005 4999 1372 5092 appellans,
1421 4993 1479 5057 in
1531 4987 1755 5054 urbem
1805 4980 2096 5050 discedit.
2140 5016 2227 5026 —
