4917 5950
2202 278 2281 343 ⁴3

537 490 717 559 addit
762 490 997 558 verba:
1068 489 1479 579 «iphigenia,
1528 502 1595 555 ut
1641 489 1834 556 decet
1880 488 2102 565 filiam,
2150 489 2405 556 obviam
2457 489 2747 565 veniens,
2805 487 2978 575 apud
3028 488 3454 555 Acherontem
3505 488 3785 554 salutans
3832 509 3947 575 pa·

541 619 706 672 trem
754 618 819 671 et
863 605 1160 693 amplexa
1211 603 1668 672 osculabitur.»
1724 626 1779 670 v.
1830 603 2285 669 wit—⁴554.
2374 602 2468 669 Ad
2518 624 2666 690 quae
2716 602 3070 690 respondet
3116 601 3378 668 chorus:

1451 744 1478 779 α
1499 710 1744 795 ὄνειδος
1784 711 1922 801 ἥκει
1964 713 2096 785 τόδ’
2141 712 2275 783 ἀντ’
2321 712 2628 795 ὀνείδους.

1494 831 1787 918 δύσμαχα
1832 828 1887 899 δ’
1932 831 2065 899 ἔστι
2105 839 2334 917 κρῖναι.

1498 947 1678 1032 φέρει
1722 943 2000 1032 φέροντ’,
2043 947 2271 1013 ἐκτίνει
2315 941 2369 1012 δ’
2414 939 2452 1013 ὃ
2497 947 2763 1013 καίνων.

1495 1064 1702 1146 μίμνει
1747 1059 1849 1142 δὲ,
1895 1063 2236 1146 μίμνοντος
2279 1060 2351 1127 ἐν
2393 1057 2621 1149 θρόνῳ
2667 1058 2855 1140 Διός,

1493 1183 1729 1242 παθεῖν
1769 1169 1888 1242 τὸν
1931 1175 2215 1262 ἔρξαντα.
2261 1174 2529 1259 θέσμιον
2571 1172 2713 1260 γάρ.
2735 1201 2760 1238 υ
2819 1198 2874 1242 ν.
2927 1174 3379 1241 1553-4557.

719 1293 966 1373 Quibus
1014 1292 1230 1359 verbis
1276 1314 1400 1356 non
1448 1291 1653 1357 solum
1701 1292 1942 1368 statuit,
2006 1288 2262 1357 difficile
2324 1311 2469 1357 esse
2531 1291 2611 1355 ad
2661 1289 3170 1364 diiudicandum,
3230 1303 3372 1356 uter
3437 1303 3576 1356 utro
3635 1293 3943 1360 maiorem

540 1409 601 1474 in
647 1430 719 1475 se
767 1408 1022 1495 culpam
1072 1406 1466 1473 contraxisse
1516 1405 1833 1480 videatur,
1900 1426 2121 1471 verum
2171 1406 2359 1471 etiam
2411 1405 2617 1494 legem
2669 1404 2833 1471 illam
2883 1404 3191 1478 divinam,
3254 1425 3377 1492 qua
3428 1425 3545 1492 par
3593 1407 3729 1492 pari
3776 1408 3946 1474 refe-

541 1522 810 1591 rendum
857 1524 960 1599 sit,
1006 1542 1267 1607 semper
1314 1533 1611 1586 constare
1660 1520 1989 1607 praedicat.
2065 1520 2277 1596 Vides,
2327 1521 2570 1585 facinus
2604 1541 2750 1586 eum
2789 1518 3306 1607 reprehendere,
3356 1540 3614 1586 causam
3649 1522 3948 1590 facinoris

537 1649 859 1704 tacentem
907 1634 1361 1723 comprobare.

720 1752 945 1838 Neque
1010 1771 1165 1816 vero
1228 1750 1716 1840 Clytaemnestra
1796 1747 2290 1814 immolationem
2355 1746 2498 1814 filiae
2563 1748 2808 1814 unicam
2882 1748 3082 1815 caedis
3142 1768 3400 1815 causam
3458 1748 3662 1816 affert.
3755 1752 3943 1817 Nam:

543 1890 571 1925 α
598 1867 845 1942 lacet‚»
901 1866 1122 1954 inquit,
1175 1890 1203 1924 (ι
1229 1863 1364 1940 hic,
1411 1864 1517 1951 qui
1558 1862 1703 1927 mihi
1753 1864 1971 1929 inussit
2012 1863 2413 1951 ignominiam
2451 1899 2537 1910 —
2567 1854 2875 1945 γυναικὸς
2917 1864 3101 1946 τῆςδε
3152 1860 3584 1949 λυμαντήριος
3618 1891 3735 1940 —,·
3783 1867 3949 1934 iacet

540 1979 966 2071 Chryseidam
1014 1992 1162 2045 ante
1210 1978 1385 2043 llium
1434 1978 1728 2064 voluptas
1761 2015 1841 2025 —
1878 1977 2268 2061 Χρυσηΐδων
2312 1978 2602 2060 μείλιγμα
2644 1978 2779 2042 τῶν
2802 1970 2913 2041 ὑπ’
2955 1971 3116 2067 Ἰλίῳ
3149 2005 3264 2053 —,·
3311 1980 3479 2044 iacet
3511 1979 3654 2046 haec
3682 2002 3945 2069 quoque

540 2107 721 2161 vates
767 2095 1050 2181 captiva.
1100 2093 1364 2159 huiusce
1402 2092 1965 2180 (Agamemnonis)
2025 2091 2235 2178 pellex
2292 2091 2524 2161 fidelis.
2588 2092 2754 2158 iacet
2801 2093 2937 2158 eius
2982 2094 3268 2158 suavium
3318 2106 3383 2158 et
3430 2092 3576 2158 mihi
3627 2114 3780 2161 casu
3827 2119 3946 2164 suo

542 2208 913 2276 deliciarum
962 2206 1282 2275 cumulum
1331 2207 1599 2273 attulit.»
1655 2228 1712 2272 v.
1762 2205 2215 2272 4430—4440.

719 2325 881 2403 Quae
931 2322 1130 2388 verba
1179 2343 1309 2410 quo
1358 2320 1621 2388 tendant
1680 2342 1870 2412 nemo
1938 2343 2059 2386 non
2110 2323 2457 2408 cognoscit.
2550 2321 3035 2412 Clytaemnestra
3085 2342 3155 2388 re
3206 2342 3356 2387 vera
3409 2335 3612 2409 putat,
3676 2325 3946 2393 Cassan-

540 2440 722 2507 dram
771 2438 1260 2528 Agamemnonis
1309 2458 1453 2503 esse
1501 2436 1924 2503 concubinam
1974 2450 2040 2502 et
2085 2457 2208 2501 non
2257 2436 2462 2502 solum
2514 2437 2806 2502 violatam
2858 2449 3158 2511 matrem,
3222 2438 3337 2503 sed
3403 2440 3592 2504 etiam
3658 2462 3946 2520 uxorem,

541 2556 876 2646 ignominia
939 2553 1267 2626 affectam,
1336 2552 1673 2618 ulciscitur.
1778 2550 2135 2642 Aeschylus
2198 2551 2382 2639 igitur
2444 2564 2652 2617 vatem
2718 2552 3037 2638 captivam
3094 2572 3175 2617 eo
3237 2552 3499 2618 consilio
3565 2554 3622 2618 in
3680 2576 3944 2622 scenam

542 2669 869 2759 produxit,
920 2680 985 2733 ut
1031 2667 1583 2758 Clytaemnestram
1632 2666 1897 2732 stimulis
1938 2666 2174 2731 amoris
2222 2667 2575 2732 concitaret
2621 2679 2686 2731 et
2732 2667 3006 2754 geminae
3053 2666 3251 2733 caedis
3312 2687 3571 2734 causam
3634 2671 3946 2758 suppedi-

541 2797 724 2852 taret.
812 2789 1247 2871 Agamemnon
1309 2802 1433 2846 non
1494 2781 1697 2848 solnm
1757 2793 1904 2846 ante
1965 2779 2140 2844 Ilium
2190 2781 2583 2864 Χρυσηΐδων
2641 2783 2933 2864 μείλιγμα
2992 2795 3114 2852 est.
3178 2803 3400 2847 verum
3460 2785 3649 2849 etiam
3700 2787 3757 2849 in
3806 2788 3948 2874 ipso

540 2899 746 2968 reditu
796 2920 921 2964 non
969 2909 1210 2985 potest,
1255 2896 1406 2984 quin
1454 2895 1782 2961 amoribus
1829 2896 2145 2961 inserviat.
2236 2895 2414 2960 Prior
2461 2896 2649 2985 igitur
2696 2917 2895 2962 uxore
2946 2897 3077 2961 iura
3127 2896 3480 2986 coniugalia
3508 2901 3779 2986 turpiter
3811 2903 3946 2969 vio-

540 3017 690 3083 lavit
735 3035 947 3103 eaque
996 3034 1064 3078 re
1113 3012 1351 3103 effecit,
1402 3023 1469 3076 ut
1513 3011 1642 3091 illa,
1694 3012 2031 3099 ignominia
2079 3010 2339 3086 affecta,
2399 3032 2544 3076 cum
2591 3010 2893 3099 Aegistho
2939 3032 3010 3077 se
3062 3013 3497 3100 coniungeret.
3589 3017 3787 3081 Poeta
3835 3019 3948 3106 igi-

540 3145 641 3198 tur
687 3151 883 3218 quum
931 3127 1482 3218 Clytaemnestram
1533 3126 1747 3192 furore
1798 3126 2119 3192 incensam
2170 3139 2235 3191 et
2275 3126 2644 3212 abreptam,
2692 3127 2841 3213 quin
2876 3125 3044 3192 adeo
3075 3126 3238 3192 duro
3271 3140 3709 3217 protervoque
3736 3132 3949 3199 animo

539 3245 847 3312 imbutam
897 3244 955 3307 in
1005 3243 1145 3328 ipso
1207 3242 1489 3307 facinore
1550 3240 1925 3327 gloriantem
1988 3240 2169 3313 fecit,
2231 3239 2555 3306 horrenda
2621 3240 3051 3328 magnitudine
3114 3255 3179 3307 et
3228 3257 3496 3309 matrem
3547 3259 3613 3309 et
3660 3268 3946 3323 uxorem,

538 3379 953 3444 summopere
999 3354 1326 3426 afflictam.
1375 3356 1526 3421 satis
1572 3354 1791 3421 hercle
1841 3356 2149 3443 tragicum
2197 3356 2547 3441 spirantem
2599 3354 2783 3420 nobis
2830 3353 3084 3421 effinxit.
3119 3355 3277 3421 ‘Sed
3315 3355 3646 3424 videamus
3679 3362 3943 3449 reliqua.

720 3473 1207 3563 Clytaemnestra
1258 3471 1506 3535 tertiam
1556 3470 1745 3535 etiam
1794 3469 1992 3536 caedis
2050 3490 2306 3535 causam
2369 3470 2574 3535 affert.
2666 3471 2875 3549 Quum
2927 3471 3091 3536 enim
3141 3469 3378 3537 chorus
3422 3472 3584 3538 forte
3634 3474 3947 3544 daemonis

540 3588 869 3658 cuiusdam
919 3586 1308 3652 mentionem
1358 3585 1535 3658 facit,
1586 3585 1691 3672 qui
1743 3586 1799 3649 in
1849 3583 2043 3650 aedes.
2078 3585 2286 3672 regias
2332 3584 2584 3651 irruerit
2632 3597 2697 3650 et
2744 3584 3213 3651 Tantalidarum
3263 3586 3456 3670 (Atrei
3505 3601 3571 3654 et
3617 3589 3944 3680 Thyestae)

541 3706 769 3771 fratres
828 3701 1130 3768 invaserit
1188 3712 1250 3765 et
1313 3701 1638 3765 victoriam
1705 3700 2027 3785 paraverit
2084 3698 2358 3772 mulieri,
2422 3698 2942 3789 Clytaemnestra:
3021 3700 3253 3766 «Nunc
3315 3701 3664 3780 tandem‚n
3730 3707 3945 3794 inquit,

545 3818 928 3886 «correxisti
975 3816 1103 3882 oris
1148 3815 1561 3887 sententiam,
1609 3835 1802 3900 quum
1854 3814 2173 3901 ingentem
2223 3812 2390 3879 illum
2442 3812 2627 3879 buius
2672 3814 2878 3901 gentis
2923 3815 3287 3881 daemonem
3351 3814 3775 3901 (τριπάχυιον
3816 3822 3947 3886 δαί-

539 3959 701 4020 μονα
748 3934 784 3997 i.
830 3952 887 3998 e.
937 3950 1055 4017 per
1101 3930 1214 3995 tria
1261 3927 1895 4017 genera-valentem)
1944 3929 2212 3993 incuses.
2304 3926 2397 3993 Ab
2446 3948 2527 3993 eo
2590 3929 2756 3993 enim
2816 3929 3189 4017 sanguinem
3249 3929 3573 3998 lambendi
3630 3934 3946 4021 cupiditas

543 4050 599 4116 in
648 4044 1003 4114 visceribus
1058 4044 1274 4118 alitur,
1339 4056 1434 4117 ut,
1498 4055 1844 4130 antequam
1909 4053 2092 4109 vetus
2152 4041 2338 4108 dolor
2394 4041 2777 4109 decesserit.
2858 4065 3059 4109 novus
3130 4046 3384 4133 sanguis
3447 4047 3936 4132 profundatur.»

540 4186 595 4230 v.
644 4159 1099 4228 atat—⁴473.
1191 4158 1483 4244 Cumque
1529 4156 1767 4224 chorus
1814 4146 1991 4223 r'ecte
2038 4155 2123 4222 ab
2173 4177 2249 4222 ea
2299 4155 2663 4223 daemonem
2730 4158 2898 4223 illum
2959 4176 3530 4227 commemoratum
3581 4184 3725 4231 esse
3772 4164 3943 4232 dicat

539 4298 662 4344 nec
707 4291 920 4343 tamen
971 4275 1174 4340 minus
1220 4271 1304 4337 de
1355 4293 1540 4360 rege,
1588 4270 1886 4338 insidiosa
1936 4270 2122 4337 clade
2159 4286 2488 4358 peremto,
2536 4286 2998 4360 conqueratur:
3053 4273 3299 4341 «Recte
3333 4275 3673 4363 quidem,»
3727 4279 3943 4368 inquit,

546 4392 759 4458 «banc
805 4389 1054 4457 caedem
1105 4408 1316 4452 meum
1368 4407 1513 4453 esse
1562 4408 1727 4472 opus
1773 4385 2131 4463 contendis,
2199 4386 2315 4451 sed
2368 4385 2492 4452 noli
2542 4387 2665 4451 iam
2714 4409 2817 4453 me
2869 4409 3131 4455 uxorem
3180 4392 3670 4477 Agamemnonis
3715 4396 3944 4482 appel·

537 4506 690 4574 lare.
782 4505 939 4570 Nam
1002 4514 1185 4568 vetus
1244 4499 1346 4567 ille
1408 4514 1766 4587 acutosque
1823 4499 2072 4565 Alastor
2116 4501 2314 4576 Atrei,
2377 4500 2485 4587 qui
2546 4499 2750 4566 dirum
2813 4500 2961 4568 illud
3019 4504 3377 4568 convivium
3441 4505 3614 4570 fratri
3678 4510 3942 4593 paravit,

540 4621 768 4687 mortui
815 4618 1030 4684 uxoris
1073 4616 1289 4682 similis
1332 4613 1416 4680 ab
1465 4613 1592 4680 boc
1639 4633 1898 4701 poenam
1959 4615 2224 4700 expetiit
2270 4626 2336 4681 et
2382 4615 2584 4680 virum
2642 4614 2927 4681 adultum
2985 4613 3190 4683 filiolis
3252 4618 3543 4707 iugulatis
3588 4620 3942 4714 (Thyestae)

539 4733 951 4801 immolavit.»
1021 4752 1077 4797 v.
1143 4728 1624 4795 ltu-⁴496.
1717 4727 1966 4795 Chorus
2027 4727 2264 4795 deinde
2326 4728 2880 4822 Clytaemnestram
2940 4753 3065 4800 non
3130 4752 3366 4800 vacare
3425 4734 3686 4823 quidem
3750 4738 3942 4827 culpa

537 4848 715 4926 dicit,
762 4845 880 4915 sed
927 4858 1141 4912 tamen
1189 4841 1514 4920 concedit,
1564 4841 1699 4909 fieri
1739 4863 1963 4930 posse,
2028 4854 2095 4908 ut
2140 4842 2387 4911 Alastor
2432 4844 2563 4921 ille,
2623 4856 3038 4932 paternorum
3084 4847 3403 4915 scelerum
3469 4849 3734 4929 vindex,
3797 4873 3943 4921 eam

534 4961 868 5031 adiuverit.
971 4960 1199 5046 Neque
1261 4959 1427 5025 enim
1492 4957 1679 5025 facile
1740 4956 1912 5024 hunc
1966 4957 2330 5025 daemonem
2393 4980 2474 5027 ex
2537 4959 2787 5027 aedibus
2849 4961 2989 5028 eiici
3060 4982 3272 5048 posse.
3338 4985 3392 5030 v.
3457 4964 3943 5036 ⁴498—t5ot.
