4917 5950
2245 346 2325 412 ⁴7

569 564 778 630 aleam
837 562 950 627 dat
1007 561 1381 649 sanguinem
1453 573 1644 626 etue
1692 556 1838 625 filiae
1898 558 2159 646 quidem
2227 560 2415 624 vitam
2482 560 2639 625 dare
2702 573 2988 636 recusat,
3061 573 3156 631 ut,
3221 560 3394 647 quod
3461 559 3577 626 sibi
3641 562 3993 647 proposuit,

567 688 969 766 assequatur.
1062 675 1204 754 Qua
1269 675 1329 739 in
1380 695 1450 741 re
1498 686 1736 763 quanta
1802 673 1994 740 fuerit
2053 673 2241 738 animi
2305 673 2532 740 duritie
2584 687 2649 739 et
2695 673 3106 751 crudelitate,
3172 696 3209 740 e
3261 674 3552 741 versibus
3608 676 3989 739 230—245

572 792 772 859 videri
822 791 988 858 licet.
1080 792 1236 855 Nam
1287 810 1519 876 preces
1567 790 1895 876 patrisque
1945 789 2381 855 invocationes
2445 788 2589 855 filiae
2654 787 2820 854 nihili
2885 789 3036 855 facit
3098 788 3246 855 belli
3311 789 3583 876 cupidus
3632 812 3775 864 rex,
3840 791 3994 878 quin

569 910 709 996 ipse
768 926 976 995 popas
1033 904 1256 980 filiam,
1322 904 1606 971 vestibus
1668 903 2042 979 involutam,
2107 904 2277 970 omni
2329 905 2384 966 vi
2451 923 2719 989 pronam
2779 903 3072 970 attollere
3132 905 3393 991 orisque
3452 905 3699 991 pulchri
3764 925 3990 971 vocem

570 1022 881 1091 cohibere
930 1020 1128 1087 iubet.
1220 1018 1432 1092 Adde.
1495 1019 1668 1106 quod
1736 1019 1925 1084 totius
1991 1032 2181 1084 terrae
2227 1018 2494 1083 troianae
2555 1038 2778 1083 semen
2843 1018 3222 1085 exstinctum
3294 1018 3565 1085 voluerit
3627 1033 3691 1086 et
3740 1041 3819 1085 ne
3866 1021 3993 1086 aris

570 1138 831 1227 quidem
894 1136 1163 1202 deorum
1229 1134 1612 1221 templisque
1672 1136 2055 1220 pepercerit.
2150 1131 2314 1212 Quid
2375 1130 2634 1197 tandem
2687 1131 2769 1197 de
2821 1133 3076 1199 incestis
3146 1135 3282 1199 eius
3341 1133 3670 1200 amoribus
3731 1135 3993 1200 dicam?

570 1255 663 1319 Ne
710 1251 924 1317 multa.
1017 1248 1507 1338 Agamemnonis
1567 1246 1757 1335 culpa
1812 1249 2182 1336 gravissima
2235 1259 2333 1313 est
2379 1267 2500 1313 nec
2548 1259 2761 1333 potest
2810 1267 3073 1313 manere
3138 1247 3350 1314 inulta.
3443 1249 3586 1314 Eius
3650 1249 3989 1317 vindictam

572 1369 814 1454 expetit
861 1365 1371 1455 Clytaemnestra.
1466 1363 1617 1428 Haec
1683 1362 1805 1427 iam
1866 1376 2135 1449 propter
2194 1360 2382 1427 filiam
2451 1361 2838 1427 immolatam
2888 1362 3038 1427 odio
3085 1382 3120 1427 a
3171 1364 3397 1429 marito
3460 1363 3830 1430 dissidebat.
3922 1365 3988 1430 ld

572 1503 697 1549 non
725 1479 968 1547 latebat
989 1478 1377 1566 Aegisthum.
1422 1479 1481 1542 Is
1504 1477 1690 1565 igitur
1714 1498 1912 1564 quum
1940 1476 2272 1544 lentiorem
2303 1477 2511 1542 Troiae
2541 1475 2717 1542 urbis
2740 1478 3286 1565 oppugnationem
3315 1499 3459 1544 esse
3496 1501 3621 1544 non
3652 1480 3994 1568 ignoraret,

573 1611 669 1672 ut,
718 1616 844 1684 qua
894 1593 1365 1664 stimulabatur,
1416 1590 1723 1680 regnandi
1772 1589 2185 1679 cupiditatem
2235 1603 2585 1664 saturaret,
2635 1592 2889 1658 timidus
2936 1591 3229 1679 quidem,
3295 1592 3411 1659 sed
3462 1606 3822 1669 veterator,
3870 1615 3992 1660 nec

573 1715 863 1800 ignaruS,
913 1707 1249 1775 blanditias
1296 1708 1567 1773 maxime
1616 1705 1697 1772 ad
1747 1705 2063 1772 muliebre
2111 1707 2429 1795 ingenium
2502 1703 2803 1772 efficaces
2852 1726 3087 1792 preces
3135 1728 3308 1782 esse,
3372 1709 3430 1773 in
3481 1709 3993 1799 Clytaemnestrae

574 1825 1060 1893 familiaritatem
1108 1845 1179 1889 se
1227 1820 1602 1888 insinuabat.
1693 1820 1857 1899 Quae
1907 1822 2021 1887 etsi
2071 1820 2155 1886 ab
2205 1822 2376 1887 initio
2424 1840 2738 1908 generosa
2791 1833 2856 1886 et
2902 1833 3074 1886 casta
3128 1835 3293 1894 erat,
3362 1836 3572 1888 tamen
3625 1838 3993 1909 temperare

574 1942 693 2008 sibi
752 1939 1011 2006 tandem
1074 1960 1199 2004 non
1272 1937 1499 2023 potuit,
1576 1937 1725 2023 quin
1801 1935 2209 2002 clandestinis
2272 1937 2504 2023 nuptiis
2567 1956 2710 2000 cum
2777 1949 3034 2002 versuto
3099 1935 3357 2003 homine
3418 1959 3490 2003 se
3555 1940 3993 2027 coniungeret.

577 2057 744 2123 Ecce
791 2054 1056 2120 alteram
1107 2052 1441 2126 Helenam,
1503 2052 1707 2139 gentis
1752 2070 1888 2117 suae
1936 2050 2223 2117 Alastore
2288 2049 2664 2136 pellectaml
2734 2051 2960 2116 Verum
3024 2051 3288 2138 quidem
3338 2064 3461 2124 est,
3527 2055 3803 2118 animum
3855 2054 3993 2119 eius

576 2183 933 2237 maternum
983 2169 1119 2234 dira
1169 2166 1269 2233 illa
1318 2165 1464 2231 filiae
1511 2165 1940 2232 immolatione
1988 2166 2360 2252 gravissime
2409 2163 2710 2231 afflictum
2763 2166 2982 2242 fuisse;
3045 2164 3161 2232 sed
3214 2187 3534 2253 nunquam
3584 2166 3992 2246 crediderim,

576 2284 792 2351 odium
842 2285 979 2350 eius
1027 2305 1106 2348 eo
1159 2302 1361 2369 usque
1409 2281 1632 2368 fastigii
1683 2293 2138 2367 perventurum
2190 2280 2412 2356 fuisse,
2464 2281 2577 2346 uisi
2628 2299 2747 2367 per
2793 2278 3157 2369 Aegisthum
3210 2282 3268 2345 in
3302 2284 3502 2368 stupri
3534 2282 3988 2369 turpitudinem

574 2401 960 2467 incurrisset.
1052 2396 1206 2462 Inde
1254 2407 1467 2461 autem
1519 2416 1723 2483 usque
1769 2395 1853 2460 ab
1905 2394 2026 2461 hac
2074 2394 2327 2459 infamia
2378 2394 2497 2460 alia
2547 2394 2731 2459 aliam
2798 2395 3035 2481 excipit
3078 2386 3259 2478 ἄτην.
3352 2397 3654 2484 Sequitur
3716 2399 3991 2485 capitale

578 2515 796 2583 odium
863 2513 1098 2590 mariti;
1160 2512 1447 2598 sequitur
1510 2508 1855 2576 ulciscendi
1904 2530 2075 2574 saeva
2127 2509 2399 2595 cupido;
2476 2512 2762 2598 sequitur
2825 2510 3084 2577 tandem
3151 2512 3495 2577 taeterrima
3559 2513 3796 2579 caedes,
3887 2514 3993 2579 Sic

580 2632 767 2720 igitur
813 2642 878 2694 et
925 2628 1413 2716 Clytaemnestra
1459 2625 1892 2713 gravissimam
1944 2623 2198 2710 culpam
2250 2627 2308 2689 in
2357 2646 2428 2690 se
2478 2625 2758 2701 admisit,
2823 2646 2970 2713 quae
3035 2626 3228 2691 inulta
3278 2647 3541 2692 manere
3591 2650 3715 2693 non
3765 2641 3995 2716 potest.

755 2743 1079 2822 Quaeritur
1124 2752 1364 2816 autem,
1429 2752 1635 2805 utrum
1688 2741 2205 2827 Agamemnonis,
2275 2759 2353 2805 an
2403 2739 2916 2828 Clytaemnestrae
2982 2741 3171 2827 culpa
3220 2743 3299 2806 sit
3347 2744 3566 2809 maior.
3659 2743 3994 2830 Proprium

579 2871 678 2925 est
721 2857 1087 2944 impotentis
1133 2857 1350 2928 animi,
1399 2864 1466 2917 ut
1510 2851 1810 2940 flagitium
1862 2853 2129 2920 honesta
2183 2855 2669 2941 praescriptione
2721 2867 2910 2944 tegat.
3005 2857 3286 2944 Uterque
3351 2878 3576 2922 eorum
3626 2857 3795 2924 bona
3846 2857 3992 2937 fide,

580 2989 645 3039 ut
691 2975 866 3040 aiunt
910 2972 1061 3037 iuris
1107 2968 1404 3043 consulti,
1452 2988 1645 3056 agere
1693 2966 1812 3034 sibi
1863 2969 2175 3036 videntur.
2268 2979 2702 3059 Agamemnon
2753 2968 3027 3045 bellum,
3075 2970 3250 3059 quod
3301 2973 3618 3060 suscepit,
3669 2974 3895 3041 iustum
3931 2990 3999 3042 et

578 3088 1013 3156 necessarium
1074 3084 1289 3151 habet.
1381 3083 1820 3162 Quamobrem
1885 3086 1935 3150 si
1996 3086 2239 3172 regium
2288 3084 2565 3151 officium
2627 3088 3024 3172 exsequitur,
3089 3088 3387 3174 quoniam
3455 3087 3747 3173 proditor.
3808 3113 3996 3157 exer·

579 3203 739 3270 citus
785 3201 921 3267 fieri
968 3223 1095 3266 nou
1143 3199 1372 3273 (lebet,
1423 3209 1602 3264 recte
1650 3200 1811 3286 agit;
1859 3200 1909 3264 si
1960 3221 2114 3265 vero
2165 3200 2553 3265 immolando
2603 3198 2790 3265 filiam
2843 3201 3129 3266 naturale
3179 3202 3439 3287 pietatis·
3476 3204 3792 3269 vinculum
3844 3206 3993 3271 diri-

580 3320 718 3393 mit,
767 3339 891 3383 non
942 3328 1120 3381 recte
1168 3315 1323 3401 agit,
1388 3314 1514 3379 imo
1564 3314 1857 3379 maximae
1906 3314 2117 3399 culpae
2163 3336 2314 3380 reus
2362 3328 2478 3380 est.
2571 3319 2699 3401 Age
2753 3317 2977 3400 porrol
3057 3315 3546 3406 Clytaemnestra
3597 3321 3644 3383 si
3697 3321 3997 3385 naturalis

583 3434 833 3520 pietatis
880 3433 976 3496 ius
1022 3431 1250 3501 sancit,
1318 3441 1494 3493 recte
1540 3430 1700 3515 agit;
1764 3429 2046 3516 reginam
2110 3416 2265 3495 ver'o
2331 3430 2530 3516 ipsam
2590 3429 2772 3495 civile
2821 3443 2887 3495 et
2935 3432 3177 3518 regium
3245 3432 3338 3497 ius
3396 3429 3803 3508 subvertere,
3870 3458 3994 3501 non

584 3560 681 3613 est
727 3549 975 3611 iustum.
1067 3545 1129 3609 Si
1180 3544 1364 3631 igitur
1411 3564 1629 3628 regem
1682 3541 1985 3617 trucidat,
2035 3565 2159 3608 non
2211 3557 2388 3609 recte
2437 3544 2593 3630 agit,
2655 3545 2780 3610 imo
2831 3545 3125 3610 maximae
3174 3546 3386 3634 culpae
3437 3567 3544 3612 rea
3596 3562 3709 3613 est.
3809 3551 3997 3615 Deni-

585 3682 711 3749 que
759 3662 808 3726 si
861 3682 971 3725 rex
1022 3681 1166 3723 cum
1216 3657 1338 3721 filia
1389 3658 1556 3744 regis
1603 3656 2016 3741 (Cassandra)
2067 3671 2130 3723 et
2179 3659 2392 3746 regina
2444 3680 2588 3723 cum
2641 3656 2765 3725 filio
2815 3661 2981 3748 regis
3029 3660 3384 3749 (Aegistho)
3434 3663 3738 3729 incestam
3799 3664 3997 3731 habet

583 3772 1138 3847 consuetudinem,
1201 3784 1473 3859 uterque
1537 3792 1762 3837 eorum
1827 3794 2049 3859 parem
2111 3776 2170 3838 in
2236 3795 2308 3839 se
2373 3774 2629 3860 culpam
2696 3776 3027 3841 contraxit.
3133 3780 3626 3864 Agamemnonis
3684 3779 3869 3867 igitur
3929 3795 3996 3846 et

582 3889 1091 3981 Clytaemnestrae
1140 3906 1355 3954 causae
1404 3888 1659 3951 omnino
1709 3906 1901 3972 pares
1947 3900 2109 3953 sunt.
2201 3888 2367 3967 Quid
2418 3889 2754 3977 sequitur?
2819 3890 3088 3956 Easdem
3139 3891 3362 3957 iisdem
3412 3891 3773 3959 hominibus
3819 3893 3998 3985 flagi·

582 4006 758 4073 tiosis
818 4024 1047 4091 poenas
1109 4023 1253 4068 esse
1321 3999 1605 4065 luendas.
1696 4002 1826 4065 lam
1877 4002 2061 4089 igitur
2106 4023 2299 4090 quum
2351 4006 2783 4088 Agamemnon
2834 4005 3113 4081 occidat,
3180 4009 3325 4093 quia
3390 4009 3676 4076 naturale
3740 4012 3995 4096 pietatis

586 4122 681 4187 ius
726 4118 1074 4186 crudeliter
1122 4115 1377 4182 violavit
1421 4135 1842 4204 amoremque
1891 4115 2294 4205 coniugalem
2342 4115 2513 4181 nihili
2564 4119 2740 4195 fecit,
2791 4121 2982 4185 etiam
3029 4121 3566 4210 Clytaemnestrae,
3616 4127 3761 4211 quia
3813 4127 3997 4193 civile

587 4247 655 4302 et
697 4235 939 4323 regium
988 4233 1084 4298 ius
1130 4231 1478 4298 crudeliter
1522 4228 1837 4296 subvertit
1882 4252 2095 4319 neque
2145 4234 2281 4318 ipsa
2330 4232 2591 4318 quidem
2642 4235 2898 4301 incestis
2945 4237 3275 4303 amoribus
3322 4237 3651 4313 abstinuit,
3722 4243 3999 4307 morien-

586 4349 737 4416 dum
788 4350 924 4415 crit.
1017 4349 1179 4427 Quae
1226 4348 1340 4412 nisi
1389 4332 1680 4420 moritur,
1743 4344 1965 4411 falsum
2027 4359 2125 4412 est
2185 4345 2366 4423 illud,
2430 4348 2608 4435 quod
2673 4349 2986 4435 praedicat
3048 4360 3272 4437 poeta,
3338 4374 3456 4439 par
3513 4356 3647 4439 pari
3712 4356 3998 4422 referen-

586 4463 737 4529 dum
788 4484 952 4529 esse.

767 4579 851 4643 Ex
900 4573 1421 4664 praecedentibus
1466 4587 1679 4641 autem
1729 4576 2131 4641 manifestum
2183 4590 2307 4651 est,
2369 4582 2915 4666 Agamemnonem
2979 4602 3102 4647 non
3149 4583 3354 4647 solum
3403 4606 3568 4650 suae.
3631 4588 3746 4652 sed
3809 4591 3996 4654 etiam

592 4695 789 4782 patris
832 4693 928 4758 sui
976 4690 1187 4777 culpae
1236 4709 1497 4776 poenam
1546 4689 1704 4756 dare
1751 4689 2020 4757 debere.
2111 4692 2307 4758 Huius
2355 4692 2565 4779 culpae
2619 4694 2956 4761 vindictam
3024 4718 3149 4762 non
3204 4701 3446 4785 expetit
3494 4700 4001 4791 Clytaemnestra,

590 4808 707 4876 sed
774 4804 1126 4894 Aegisthus,
1232 4806 1345 4871 Hic
1406 4826 1537 4892 quo
1598 4805 1888 4872 Alastore
1953 4807 2259 4891 impulsus
2321 4806 2876 4898 Clytaemnestram
2950 4813 3337 4898 corruperit,
3407 4836 3600 4901 supra
3666 4820 4001 4907 explicavi.

590 4921 920 5011 Regnandi
983 4919 1258 5007 cupidus
1314 4919 1508 4985 homo
1569 4931 1692 4995 est,
1757 4919 2012 4987 timidus
2070 4919 2366 5009 quidem,
2425 4921 2544 4988 sed
2609 4938 2918 4991 versutus.
3023 4926 3222 4991 Suum
3290 4928 3550 5016 quidem
3618 4932 3858 5003 facinus
3916 4938 4000 5004 ad

592 5038 780 5109 deos,
823 5035 1147 5102 hominum
1197 5034 1428 5101 delicta
1478 5033 1887 5110 ulciscentes,
1952 5036 2183 5114 refert,
2241 5036 2356 5103 sed
2405 5037 2794 5128 Aeschylum
2859 5042 3083 5106 iustam
3131 5040 3216 5107 ab
3266 5064 3346 5110 eo
3396 5043 3479 5110 de
3529 5052 4003 5133 Agamemnone

3109 5166 3148 5230 3
