4917 5950
2356 396 2397 458 5

673 612 966 701 uitasque
1013 621 1257 676 naturae
1304 607 1525 676 violari
1573 619 1828 697 pooeet,
1872 608 1937 674 in
1983 607 2358 675 Graecorum
2405 606 2618 674 scenis
2662 628 2788 674 non
2835 606 3212 696 agebantur.
3299 609 3393 674 An
3441 606 3830 698 Aeschylum
3879 620 4086 696 putas,

673 747 869 816 quem
916 736 1166 792 constat
1209 724 1482 812 primum
1529 734 1600 790 ut
1644 744 1802 791 vere
1847 720 2303 812 philosophum
2351 721 2602 789 fabulas
2647 720 2729 788 ad
2780 733 3025 789 certam
3073 721 3396 809 quandam
3443 720 3796 809 disciplinae
3843 724 4084 790 sormu-

671 841 799 907 lam
847 839 1290 926 composuisse
1337 851 1403 905 et
1447 838 1509 904 in
1555 836 1865 906 faciendis
1909 835 2239 926 tragoediis
2300 836 2468 902 nulla
2526 836 2646 902 alia
2696 857 2768 903 re
2817 836 2929 902 nisi
2992 834 3330 902 honestate
3394 834 3656 903 ductum
3717 858 3894 914 esse,
3953 860 4084 927 quo

674 967 815 1024 erat
872 954 1127 1043 ingenio
1183 964 1379 1042 atque
1437 963 1724 1041 gustatu,
1785 950 1932 1019 talia
1992 949 2319 1017 soedidatis
2380 963 2661 1017 monstra
2724 949 3079 1039 depingere
3142 962 3208 1017 et
3267 951 3327 1016 in
3389 970 3650 1018 scenam
3716 952 4085 1040 producere

676 1067 1004 1159 potuisse?
1046 1070 1169 1134 Aut
1214 1066 1440 1134 mutari
1487 1067 1769 1154 oportuit
1813 1077 2147 1154 receptam
2194 1064 2277 1131 ab
2326 1066 2609 1132 Homero
2655 1064 2965 1141 fabulam,
3022 1077 3133 1131 aut
3179 1065 3436 1132 omnino
3483 1087 3610 1132 non
3657 1064 3952 1134 adhiberi
4000 1068 4085 1135 ad

675 1182 1036 1251 faciendam
1094 1181 1501 1272 tragoediam.
1589 1182 1768 1248 Nova
1828 1179 2127 1269 quaedam
2176 1192 2242 1246 et
2287 1178 2669 1245 invenienda
2718 1192 2784 1247 et
2828 1179 3130 1246 addenda
3189 1191 3401 1255 erant,
3466 1179 3699 1268 quibus
3759 1180 4088 1249 horrenda

673 1298 777 1365 illa
825 1295 1046 1365 caedes
1088 1295 1352 1383 probari
1400 1295 1744 1362 videretur.
1837 1296 1999 1375 Quae
2045 1293 2256 1382 qualia
2304 1294 2567 1371 suerint,
2615 1295 2839 1380 paucis
2884 1293 3234 1360 videamus.
3303 1292 3490 1382 Apud
3539 1294 3882 1362 Pindarum
3928 1295 4089 1386 legi·

672 1433 846 1488 mus,
894 1409 1451 1502 Clytaemnestram
1500 1408 1793 1476 manibus
1837 1407 1983 1475 filiae
2028 1430 2195 1484 suae,
2242 1429 2280 1474 a
2330 1420 2516 1496 patre
2564 1408 2705 1496 ipso
2743 1408 3119 1486 immolatae,
3167 1409 3474 1496 sanguine
3506 1409 3708 1475 mariti
3742 1423 4085 1498 parentare

675 1526 971 1594 voluisse.
1018 1525 1131 1591 cfr.
1177 1522 1363 1614 Pyth.
1408 1525 1511 1591 XI.
1598 1525 1737 1591 Hoc
1784 1543 2047 1591 carmen
2095 1522 2357 1613 Olymp.
2405 1524 2521 1598 75,
2566 1523 2607 1588 3
2656 1522 2981 1590 conditum
3029 1535 3145 1590 est.
3204 1522 3563 1614 Aeschylus
3588 1523 3871 1592 fabulam
3901 1546 4083 1594 suam

677 1641 940 1732 Olymp.
985 1641 1097 1717 80,
1144 1639 1185 1704 2
1234 1637 1431 1706 dedit.
1524 1638 1663 1705 Veri
1709 1637 1910 1705 simile
1956 1638 2142 1727 igitur
2189 1648 2317 1710 est,
2365 1636 2540 1725 quod
2591 1638 2831 1725 primus
2878 1638 2980 1704 ille
3028 1637 3517 1726 excogitaverit,
3581 1637 3643 1704 id
3692 1640 4083 1732 Aeschylum

676 1755 1038 1843 recepisse,
1088 1754 1445 1841 praesertim
1493 1774 1689 1843 quum
1737 1752 1972 1820 eodem
2021 1752 2304 1819 carmine
2352 1751 2495 1818 aliae
2543 1773 2805 1840 quoque
2865 1752 3202 1818 sententiae
3261 1754 3738 1830 contineantur,
3801 1775 3952 1843 quae
3998 1755 4083 1823 ab

672 1869 862 1937 huius
921 1867 1237 1956 tragoedia
1299 1889 1427 1934 non
1487 1881 1634 1934 sunt
1691 1866 1938 1933 alienae.
2032 1866 2277 1934 Deinde
2336 1888 2524 1943 ver0,
2587 1886 2703 1933 cur
2762 1866 3089 1956 Iphigenia
3150 1866 3534 1934 immolanda
3598 1880 3795 1947 esset,
3858 1870 4084 1937 iustam

676 1984 960 2073 oportuit
1004 2002 1266 2050 causam
1311 1982 1597 2048 inveniri.
1688 1982 1895 2062 Quam
1942 1981 2029 2048 ob
2078 2003 2213 2048 rem
2264 1989 2455 2069 poeta
2506 1983 2771 2048 Dianam
2820 1982 3204 2049 irascentem
3254 1996 3320 2048 et
3350 1980 3827 2069 expeditionem
3862 1998 4088 2052 contra

675 2099 927 2166 Troiam
974 2108 1340 2184 susceptam
1390 2108 1822 2163 remorantem
1878 2096 2029 2162 facit
2075 2115 2196 2162 nec
2243 2098 2420 2184 prius
2466 2097 2623 2163 iram
2669 2095 3036 2173 sedantem,
3103 2116 3294 2184 quam
3352 2096 3480 2163 dux
3527 2098 3849 2164 exercitus
3903 2119 4085 2166 suam

678 2214 873 2302 ipsius
916 2210 1107 2278 filiam
1156 2211 1523 2278 immolavit.
1616 2209 1743 2277 Cur
1787 2223 2001 2277 autem
2050 2209 2172 2276 dea
2210 2210 2549 2289 irascatur,
2600 2210 3008 2299 postmodum
3041 2208 3403 2299 apparebit.
3471 2212 3763 2300 Denique
3795 2213 4087 2305 Aeschy-

675 2328 774 2395 lus
832 2346 1013 2394 suam
1060 2325 1145 2393 de
1194 2326 1391 2393 rebus
1447 2324 1673 2392 divinis
1730 2338 1797 2390 et
1855 2324 2180 2392 hominum
2244 2327 2506 2413 propria
2579 2337 2803 2391 natura
2864 2324 3188 2413 egregiam
3254 2326 3620 2413 opinionem
3681 2328 3763 2392 ita
3823 2327 4090 2395 intexuit

675 2441 943 2515 fabulae.
1006 2452 1075 2506 ut
1121 2460 1201 2507 ea
1247 2441 1430 2529 quasi
1476 2439 1892 2507 fundamento
1938 2441 2128 2507 totius
2174 2439 2510 2529 tragoediae
2555 2459 2661 2507 ars
2707 2440 2959 2506 nitatur.
3050 2439 3215 2519 Quae
3278 2439 3538 2528 quidem
3602 2442 3820 2529 opinio
3881 2443 4087 2531 qualis

679 2557 898 2633 fuerit,
948 2555 1170 2644 paucis
1214 2553 1671 2641 exponendum
1721 2567 1836 2622 est.

857 2669 1316 2758 Antiquissimis
1375 2668 1778 2757 temporibus
1838 2668 2101 2736 dubium
2163 2690 2288 2735 non
2350 2681 2475 2745 est,
2537 2670 2689 2757 quin
2738 2667 3032 2735 homines
3078 2688 3157 2735 ea
3203 2667 3437 2735 fuerint
3482 2669 3783 2757 opinione
3845 2671 4087 2751 imbuti,

681 2799 749 2852 nt
793 2784 1061 2851 naturali
1108 2782 1388 2872 quadam
1436 2794 1502 2850 et
1547 2782 1918 2850 immutabili
1966 2784 2378 2860 necessitate,
2442 2803 2591 2871 quae
2637 2783 2777 2871 ipsa
2825 2794 2889 2850 et
2935 2801 3113 2850 caeca
3163 2795 3337 2851 esset
3382 2794 3448 2851 et
3492 2781 3630 2850 dira
3679 2787 4087 2877 maximeque

680 2901 740 2967 in
788 2900 986 2989 ipsius
1031 2911 1277 2965 naturae
1324 2896 1562 2964 viribus
1609 2898 1903 2965 obscuris
1949 2909 2350 2973 cerneretur,
2408 2909 2476 2964 et
2519 2899 2730 2965 omnia
2777 2896 2981 2963 teneri
3029 2908 3095 2964 et
3139 2896 3527 2987 singulorum
3574 2897 3900 2966 hominum
3947 2923 4087 2968 sor·

681 3027 809 3084 tem
857 3016 995 3103 regi
1040 3014 1474 3102 opinarentur.
1562 3012 1924 3103 Aeschylus
1967 3005 2185 3079 autem
2236 3024 2302 3080 et
2344 3031 2492 3079 cum
2540 3034 2621 3080 eo
2669 3013 2960 3080 homines
3019 3012 3309 3080 eiusdem
3374 3014 3578 3081 aetatis
3636 3013 3964 3083 doctiores
4009 3037 4090 3085 ac

678 3130 1104 3218 sapientiores
1150 3149 1278 3195 non
1325 3128 1446 3194 iam
1495 3140 1624 3195 tam
1671 3129 1840 3216 capti
1902 3139 2116 3195 mente
2183 3140 2395 3205 erant,
2465 3140 2533 3193 ut
2576 3129 2787 3195 omnia
2845 3127 2983 3194 dira
3041 3126 3321 3216 quadam
3385 3138 3629 3196 naturae
3692 3132 3974 3217 potentia
4024 3145 4091 3198 et

679 3264 863 3312 caeco
910 3263 1062 3310 casu
1109 3242 1372 3309 evenire
1416 3241 1536 3309 sibi
1583 3241 2069 3329 persuaderent.
2157 3242 2232 3307 Hi
2280 3242 2476 3308 satum
2523 3240 2705 3320 illud,
2751 3262 2945 3331 quam
2994 3243 3203 3309 Graeci
3248 3247 3480 3326 μοῖραν
3520 3243 3867 3322 vocabant,
3914 3267 4089 3313 sum-

680 3380 853 3424 mum
900 3355 1228 3446 quoddam
1276 3378 1491 3423 rerum
1537 3357 1916 3445 principium
1963 3366 2030 3423 et
2073 3354 2365 3424 ordinem
2415 3355 2695 3422 divinum
2742 3355 3182 3446 intelligebant
3227 3369 3293 3423 et
3337 3356 3475 3424 aliis
3522 3358 3922 3446 persuadere
3953 3372 4086 3427 stu-

680 3473 952 3548 debant,
1000 3472 1056 3537 in
1105 3471 1432 3538 hominum
1480 3471 1650 3538 omni
1699 3471 1846 3537 vitae
1891 3469 2288 3547 conditione,
2349 3469 2651 3546 consiliis,
2714 3482 2891 3537 sorte
2938 3472 3115 3538 cerni
3175 3470 3438 3558 quidem
3485 3475 3770 3560 supremi
3820 3476 4090 3543 numinis

682 3587 805 3654 vim
854 3607 933 3653 ac
980 3587 1329 3674 potentiam
1377 3605 1590 3673 neque
1637 3584 1988 3674 quidquam
2039 3605 2303 3672 prorsus
2348 3584 2605 3651 nolente
2656 3583 2780 3652 hoc
2828 3585 2969 3672 ipso
3018 3585 3274 3652 numine
3323 3583 3458 3653 fieri
3506 3599 3571 3652 et
3617 3588 3747 3675 agi,
3792 3589 3909 3654 sed
3951 3602 4090 3655 tan-

682 3713 813 3768 tum
860 3700 1129 3778 abesse,
1191 3712 1260 3765 ut
1302 3698 1597 3767 homines
1642 3700 1703 3765 in
1749 3698 2004 3788 agendo
2051 3700 2394 3767 temeraria
2454 3698 2734 3787 quadam
2799 3701 3183 3766 necessitate
3247 3711 3357 3766 aut
3416 3700 3917 3789 impedirentur,
3980 3716 4091 3770 aut

680 3817 798 3906 ipsi
845 3814 1140 3883 nolentes
1184 3812 1265 3880 ad
1315 3812 1635 3903 agendum
1685 3826 2099 3902 cogerentur,
2146 3825 2217 3879 ut
2261 3813 2474 3880 omnia
2519 3834 2639 3879 suo
2685 3814 2959 3902 quisque
3007 3813 3271 3881 consilio
3319 3825 3385 3881 et
3433 3813 3756 3882 voluntate
3802 3819 4090 3905 suscipe-

678 3942 823 3999 rent
867 3938 1063 4017 atque
1110 3940 1640 4018 exsequerentur.
1729 3927 1837 3993 Est
1881 3928 2066 4016 igitur
2113 3949 2193 3994 ex
2238 3926 2541 4018 Aeschyli
2588 3929 2902 3995 sententia
2949 3928 3221 3995 hominis
3264 3927 3540 3995 liberum
3600 3929 3963 4010 arbitrium,
4027 3946 4094 3999 at

678 4044 742 4112 id
795 4043 1057 4134 quidem
1104 4063 1230 4109 non
1292 4040 1691 4118 absolutum,
1753 4053 1823 4106 ut
1867 4043 2123 4108 omnino
2187 4041 2289 4108 ille
2332 4043 2429 4108 sui
2479 4042 2629 4109 iuris
2672 4042 2777 4120 sit,
2840 4041 2957 4109 sed
3007 4042 3226 4109 datum
3273 4061 3352 4110 ac
3415 4045 3828 4131 permissum,
3893 4048 3975 4112 ita
4025 4059 4093 4113 ut

679 4156 940 4235 finibus,
998 4158 1160 4223 intra
1221 4177 1388 4245 quos
1449 4154 1771 4244 agendum
1819 4135 1946 4230 est,
2024 4168 2425 4223 coerceatur.
2531 4156 2711 4236 Quos
2770 4178 2968 4245 quum
3026 4158 3209 4223 nimis
3267 4155 3508 4224 viribus
3565 4159 3695 4225 suis
3757 4158 4090 4228 confidens

679 4271 936 4341 excedit
978 4270 1303 4358 violatque
1351 4268 1630 4337 insolens
1675 4268 1871 4358 atqu'e
1918 4267 2241 4356 superbus
2286 4282 2397 4336 aut
2442 4291 2657 4338 rerum
2706 4269 2999 4338 ordinem
3046 4268 3328 4336 divinum
3375 4283 3486 4337 aut
3533 4273 3730 4339 iustas
3764 4272 4088 4341 hominum

675 4388 857 4479 leges
901 4397 1096 4475 atque
1142 4383 1449 4459 instituta,
1499 4405 1626 4451 non
1674 4382 1899 4472 procul
1945 4383 2134 4451 abest
2179 4383 2448 4450 numinis
2494 4383 2684 4450 divini
2732 4383 3141 4452 inexorabilis
3187 4385 3443 4462 iustitia,
3491 4408 3640 4474 quae
3679 4389 3858 4475 punit
3893 4401 4089 4479 atque

677 4500 1011 4590 supprimit
1058 4499 1300 4574 omnia,
1347 4518 1495 4586 quae
1544 4496 1803 4564 modum
1854 4499 2299 4586 praescriptum
2358 4498 2798 4586 egrediuntur,
2862 4520 2984 4566 nec
3047 4499 3234 4565 ullam
3295 4499 3534 4567 ordinis
3579 4501 3768 4567 divini
3815 4517 3925 4569 aut
3972 4504 4088 4570 hu-

679 4619 847 4683 mani
896 4611 1445 4703 perturbationem
1494 4611 1749 4678 inultam
1797 4624 1993 4701 atque
2041 4613 2407 4700 impunitam
2457 4633 2602 4679 esse
2651 4613 2781 4699 pati
2830 4625 3061 4701 potest.
3154 4614 3318 4703 Ergo
3376 4615 3485 4704 qui
3531 4617 3681 4682 facit
3727 4629 3794 4683 et
3838 4631 4089 4704 peccat,

678 4733 731 4799 is
778 4748 1008 4818 poenas
1053 4727 1183 4793 luat
1230 4746 1501 4794 necesse
1550 4739 1675 4804 est,
1724 4739 1793 4792 ut
1837 4745 1957 4814 par
2005 4728 2140 4814 pari
2189 4728 2522 4794 reseratur.
2614 4727 2781 4807 Quin
2829 4729 2955 4794 imo
3001 4724 3139 4806 filii,
3187 4741 3489 4817 nepotes,
3539 4744 3935 4820 pronepotes
3971 4732 4089 4802 de-

677 4847 821 4913 licta
872 4843 1183 4909 maiorum
1228 4861 1347 4907 suo
1395 4840 1648 4907 interitu
1696 4839 1903 4918 luunt,
1952 4841 2066 4907 nisi
2112 4841 2277 4908 forte
2323 4840 2428 4908 dei
2477 4840 2988 4931 alicuius'gratia
3036 4862 3114 4908 ac
3161 4843 3384 4911 favore
3422 4843 3610 4932 culpa
3645 4845 3908 4913 tandem
3939 4847 4072 4916 libe

675 4972 913 5028 rantur.
1003 4957 1161 5022 Nam
1208 4954 1332 5022 illae
1381 4974 1598 5033 noxae,
1644 4975 1792 5042 quae
1838 4955 1890 5022 si
1939 4954 2152 5022 inultae
2198 4966 2564 5034 manerent,
2607 4978 2823 5024 rerum
2871 4955 3163 5024 ordinem
3212 4971 3278 5024 et
3323 4959 3492 5046 aequi
3532 4971 3839 5026 aeternam
3873 4961 4086 5050 legem

676 5094 942 5163 prorsus
998 5071 1412 5138 subversurae
1476 5077 1718 5147 essent,
1781 5080 2022 5135 tantum
2069 5067 2285 5147 abest,
2348 5083 2417 5136 ut
2461 5068 2588 5137 ullo
2636 5072 2882 5158 possint
2941 5069 3197 5158 piaculo
3260 5073 3447 5152 solvi,
3507 5085 3576 5139 ut
3623 5074 3696 5140 iis
3741 5076 3934 5163 culpa
3979 5077 4090 5142 tri-
