4917 5950
2599 359 2678 423 18

918 569 1262 637 vindictam
1317 589 1462 634 esse
1510 582 1830 655 sumptam
1879 568 2226 642 iudicasse,
2275 591 2599 659 nunquam
2649 571 3058 648 crediderim.
3151 573 3449 640 Graecum
3499 587 3622 650 est,
3683 571 3807 640 filio
3855 575 3940 640 ab
3989 596 4071 641 eo
4121 589 4350 662 peten-

923 684 1069 751 dam
1121 705 1266 750 esse
1316 683 1649 757 ultionem,
1717 684 1824 769 qui
1874 683 1974 749 vel
2026 684 2400 770 parentibus
2463 684 2565 751 vel
2612 688 2900 774 cognatis
2944 688 3074 753 suis
3117 708 3380 774 gravem
3447 689 3733 755 iniuriam
3795 689 4022 770 intulit3
4086 690 4204 757 sed
4254 691 4349 756 in·

924 801 1153 865 iustum
1203 810 1267 863 et
1313 818 1349 862 a
1401 819 1580 863 more
1630 783 2006 864 Graecorum
2056 798 2333 864 alienum
2382 811 2508 876 est,
2555 801 2640 866 ab
2690 799 2794 866 illo
2843 799 3035 866 filium
3087 815 3399 889 expetere
3448 824 3744 890 poenam,
3786 806 3892 891 qui
3944 825 4064 871 nec
4112 824 4348 891 paren-

925 927 1023 980 tes
1068 933 1192 979 nec
1241 924 1553 1000 cognatos
1598 933 1752 978 suos
1800 911 1922 978 ulla
1990 934 2269 1000 unquam
2332 914 2553 979 iniuria
2611 913 2844 981 affecit.
2935 916 3272 1005 Aegisthus
3334 918 3520 1005 igitur
3580 939 3695 984 sua
3760 940 4023 1006 prorsus
4082 920 4210 1007 agit
4254 919 4351 985 in-

924 1027 1116 1104 iuria,
1178 1027 1228 1093 si
1280 1048 1398 1113 pro
1446 1027 1616 1092 Atrei
1666 1025 1856 1113 culpa
1912 1024 2107 1092 filium
2169 1028 2523 1104 ulciscitur,
2589 1042 2654 1094 et
2700 1051 2779 1094 ne
2828 1031 3049 1116 specie
3100 1031 3359 1117 quidem
3425 1032 3574 1098 iuris
3637 1033 3866 1099 nititur.
3958 1033 4123 1113 Quid
4191 1055 4348 1100 vero

924 1142 1100 1231 quod
1149 1162 1221 1208 se
1269 1139 1353 1206 ab
1402 1145 1881 1229 Agamemnone
1931 1141 2149 1209 exsilio
2199 1142 2527 1208 multatum
2578 1164 2725 1209 esse
2773 1142 2973 1211 dicit?
3049 1144 3351 1221 Vidimus,
3411 1167 3603 1233 quam
3655 1148 4063 1234 impudenter
4110 1149 4348 1239 Clytae-

924 1267 1206 1324 mnestra
1255 1257 1626 1336 mentiatur;
1674 1255 1828 1344 quid
1874 1277 2215 1345 speramus
2261 1257 2346 1324 de
2394 1258 2534 1324 eius
2578 1270 2866 1325 amatore
2913 1259 3189 1326 vitioso?
3242 1260 3490 1327 Chorus
3538 1274 3606 1326 ut
3651 1260 3838 1328 huius
3883 1262 4102 1329 verbis
4149 1261 4343 1329 fidem

924 1372 1192 1448 habeat,
1241 1382 1480 1436 tantum
1529 1370 1742 1447 abest,
1790 1383 1859 1436 ut
1906 1372 2125 1459 populi
2174 1375 2232 1440 ei
2280 1372 2737 1460 lapidationem
2788 1375 3228 1442 comminetur.
3303 1376 3450 1442 Esto
3499 1397 3689 1453 vero,
3739 1398 3875 1444 rem
3924 1396 4147 1443 veram
4183 1399 4349 1454 esse,

925 1486 1078 1575 quid
1128 1484 1275 1566 inde
1325 1487 1475 1552 iuris
1523 1485 1782 1551 manat?
1825 1486 2163 1574 Aegisthus
2210 1509 2422 1553 nonne
2471 1488 2610 1576 ipse
2659 1508 2805 1554 cum
2855 1488 3345 1579 Clytaemnestra
3396 1502 3460 1557 et
3489 1489 3690 1567 illum,
3739 1513 3935 1580 quem
3968 1512 4165 1579 supra
4201 1490 4348 1565 dixi,

924 1601 1157 1667 domus
1204 1598 1464 1667 fidelem
1525 1599 1860 1668 custodem
1909 1602 1970 1667 in
2021 1604 2375 1668 vastitatem
2435 1602 2659 1669 insulae
2709 1615 2772 1669 et
2820 1603 3157 1681 Orestem,
3218 1605 3713 1694 Agamemnonis
3774 1606 3997 1682 filium,
4063 1608 4122 1671 in
4183 1607 4352 1673 exsi-

922 1716 1074 1782 lium
1125 1716 1361 1782 eiecit‘?
1408 1717 1661 1780 Maneat
1705 1715 1918 1803 igitur,
1969 1737 2114 1783 eum
2167 1738 2249 1783 ne
2289 1719 2513 1804 specie
2561 1717 2823 1806 quidem
2873 1720 3023 1786 iuris
3071 1720 3202 1797 niti,
3260 1720 3376 1787 sed
3425 1719 3560 1788 sola
3606 1741 3722 1787 sua
3771 1722 3991 1787 iniuria
4042 1742 4260 1809 agere.

1104 1832 1259 1895 Eum
1306 1829 1442 1896 sola
1492 1829 1798 1919 regnandi
1847 1830 2166 1918 cupiditas
2214 1832 2527 1919 deinceps
2574 1832 2655 1897 ad
2704 1833 3085 1900 adulterium
3135 1833 3480 1901 ineundum
3532 1848 3598 1900 et
3636 1834 3889 1902 caedem
3925 1839 4352 1923 Agamemno-

926 1947 1024 2013 nis
1085 1946 1461 2033 patrandam
1527 1936 1823 2031 perpulit.
1916 1947 1979 2010 Si
2028 1947 2212 2035 igitur
2271 1949 2708 2036 Agamemnon
2769 1969 2951 2014 suam
3013 1950 3212 2036 ipsius
3275 1950 3530 2036 culpam
3595 1951 3888 2037 quamvis
3950 1950 4122 2023 dira,
4185 1951 4348 2015 iusta

924 2074 1138 2127 tamen
1188 2073 1393 2126 morte
1442 2059 1582 2136 luit,
1629 2060 1689 2124 in
1742 2060 1878 2125 eius
1922 2072 2096 2128 sorte
2145 2064 2647 2150 acquiescimus;
2698 2085 2816 2149 pro
2864 2063 3068 2129 aliena
3119 2085 3265 2130 eum
3315 2085 3435 2151 per
3483 2063 3804 2131 hominem
3839 2086 4119 2153 nequam
4161 2065 4347 2130 morti

924 2175 1380 2252 succumbere,
1430 2173 1736 2241 horribile
1786 2187 1881 2240 est
1932 2187 1995 2241 et
2044 2197 2268 2263 parum
2319 2178 2514 2244 decet
2559 2178 2960 2266 tragoediam.
3051 2179 3267 2254 Adde,
3315 2180 3492 2266 quod
3540 2193 3672 2244 tum
3721 2179 3979 2246 demum
4025 2178 4193 2244 λέων
4240 2179 4345 2244 ille

924 2282 1184 2367 ἄναλκις
1232 2312 1311 2356 ex
1361 2289 1594 2356 insidiis
1644 2291 2028 2377 prorumpit,
2092 2305 2432 2380 postquam
2486 2299 2921 2381 Agamemnon
2983 2306 3249 2360 necatus
3313 2307 3427 2360 est.
3520 2294 3686 2373 Quid
3749 2294 3992 2360 multa?
4067 2294 4347 2382 Aegisthi

929 2427 1075 2473 cum
1138 2409 1618 2494 Agamemnone
1683 2403 2000 2472 conflictio
2061 2430 2187 2473 non
2254 2419 2351 2473 est
2412 2407 2584 2483 talis,
2651 2408 2905 2495 qualem
2971 2408 3250 2495 postulat
3316 2408 3649 2497 tragoedia.
3743 2415 3979 2476 Auctor
4038 2409 4236 2475 caedis
4281 2420 4351 2474 ut

926 2521 1265 2610 tragoediae
1330 2541 1605 2606 persona
1668 2541 1894 2607 parum
1958 2523 2103 2610 agit.
2197 2523 2433 2599 Causa,
2500 2544 2627 2611 qua
2676 2545 2746 2589 se
2795 2523 2876 2588 ad
2928 2523 3177 2590 caedem
3243 2524 3579 2610 impulsum
3644 2523 4003 2601 contendit,
4066 2536 4134 2589 ut
4182 2522 4345 2601 ficta,

929 2658 1055 2703 non
1102 2634 1363 2711 sufficit,
1414 2636 1773 2722 praesertim
1823 2657 2019 2724 quum
2072 2636 2129 2702 in
2179 2637 2521 2725 Coephoris
2568 2659 2696 2704 non
2746 2638 2912 2703 ultor
2957 2640 3051 2704 sui
3102 2651 3165 2704 et
3214 2641 3438 2726 patris,
3484 2638 3601 2704 sed
3652 2639 3907 2705 adulter
3941 2651 4005 2703 et
4038 2651 4348 2729 tyrannus

928 2764 1261 2839 appareat.
1354 2753 1516 2830 Quae
1564 2772 1759 2838 quum
1808 2751 1892 2816 ita
1941 2753 2086 2827 sint,
2135 2752 2271 2818 dira
2321 2752 2465 2819 haec
2514 2752 2851 2841 tragoediae
2902 2773 3051 2839 pars
3099 2765 3196 2820 est
3244 2765 3309 2820 et
3356 2754 3505 2820 vitio
3553 2776 3678 2819 non
3728 2766 3925 2820 caret.

1107 2871 1193 2933 Ac
1253 2888 1333 2931 ne
1395 2864 1547 2931 illud
1610 2865 1873 2954 quidem
1938 2866 2348 2954 comprobari
2423 2879 2670 2955 potest,
2752 2869 2925 2956 quod
2992 2874 3183 2955 poe'ta
3246 2867 3667 2933 Cassandram
3734 2880 4111 2955 pereuntem
4177 2868 4347 2934 fecit.

930 2982 1095 3063 Quid
1161 2984 1326 3048 enim
1392 2983 1624 3049 misera
1687 2984 1938 3070 captiva
1988 2984 2330 3059 commisit,
2388 3006 2519 3071 quo
2583 2985 2793 3071 culpae
2856 3005 2966 3050 rea
3014 2984 3139 3050 sit?
3212 2983 3598 3069 Apollinem,
3662 2984 3892 3061 cred0,
3951 3006 4068 3050 suo
4127 2983 4348 3050 fefellit

927 3120 1148 3165 amore
1200 3096 1285 3163 ob
1337 3118 1613 3185 eamque
1663 3118 1923 3165 causam
1974 3100 2152 3165 irruit
2200 3100 2259 3163 in
2310 3099 2648 3165 miseriam.
2742 3102 2939 3166 Recte
2989 3098 3048 3164 id
3085 3098 3390 3186 quidem,
3452 3097 3567 3163 sed
3620 3099 3785 3186 regis
3848 3097 4036 3164 filiam
4102 3110 4344 3165 castam

929 3236 1073 3282 esse
1135 3213 1349 3289 malle,
1413 3232 1605 3300 quam
1656 3212 1756 3278 vel
1808 3215 1920 3280 Dei
1984 3214 2247 3280 alicuius
2307 3212 2675 3279 libidinibus
2731 3215 3072 3285 inservire,
3137 3212 3290 3300 quid
3352 3212 3477 3278 hoc
3526 3226 3623 3278 est
3668 3213 3931 3280 delicti?
4013 3216 4152 3289 Dei,
4217 3235 4347 3280 non

926 3329 1237 3404 mulieris,
1290 3327 1678 3394 voluntatem
1727 3328 2145 3418 indignamur.
2238 3334 2311 3394 At
2359 3333 2523 3395 enim
2575 3328 2934 3395 concubina
2982 3329 3477 3414 Agamemnonis
3524 3342 3638 3393 est.
3732 3327 4070 3404 Concedo;
4129 3329 4248 3394 sed
4295 3328 4346 3394 si

930 3456 1162 3533 potens
1209 3465 1321 3509 rex
1372 3442 1754 3509 imbecillam
1805 3445 2124 3530 captivam
2176 3445 2430 3511 incestis
2478 3443 2805 3509 amoribus
2852 3444 2981 3509 suis
3029 3444 3336 3507 inservire
3386 3442 3587 3529 cogit,
3639 3454 3846 3518 utrum
3897 3464 4127 3509 censes
4171 3441 4345 3531 flagi·

932 3560 1210 3626 tiosum?
1265 3559 1522 3624 Maneat
1568 3558 1778 3646 igitur,
1830 3559 2253 3625 Cassandram
2305 3582 2570 3646 prorsus
2617 3560 2927 3625 insontem
2977 3558 3250 3623 interire.
3343 3558 3480 3622 Hoc
3525 3570 3738 3623 autem
3788 3557 4057 3623 alterum
4108 3571 4344 3648 tragoe-

930 3675 1055 3741 diae
1102 3674 1316 3740 vitium
1368 3684 1482 3739 est.

1105 3787 1234 3855 Sed
1283 3787 1363 3853 ad
1415 3788 1782 3876 Aegisthum
1832 3788 2193 3855 redeamus.
2285 3789 2348 3854 Si
2397 3787 2550 3876 quid
2601 3788 2820 3862 video,
2869 3788 3144 3853 Orestiae
3196 3787 3286 3851 vis
3334 3786 3592 3852 interior
3639 3788 3697 3851 in
3747 3785 4151 3853 conflictione
4187 3788 4347 3853 dua-

926 3927 1067 3971 rum
1117 3923 1487 3979 causarum,
1548 3924 1818 3991 quarum
1883 3903 2085 3970 altera
2147 3905 2339 3979 iusta,
2403 3903 2604 3969 altera
2669 3902 2891 3968 iniusta
2942 3913 3069 3989 est,
3134 3901 3340 3986 posita
3409 3901 3675 3967 videtur.
3769 3904 3870 3967 lus
3917 3916 4154 3991 pugnat
4201 3923 4348 3970 cum

926 4020 1146 4086 iniuria
1196 4016 1368 4084 haud
1418 4018 1706 4084 naturali.
1798 4019 1960 4098 Quae
2007 4021 2057 4084 si
2107 4019 2289 4107 quasi
2339 4019 2568 4084 trutina
2617 4018 3082 4091 examinamus,
3132 4015 3402 4081 alterum
3450 4037 3575 4080 non
3629 4017 3834 4103 impar
3881 4016 4061 4083 alteri
4111 4019 4354 4085 inveni-

926 4158 1096 4210 mus,
1158 4134 1218 4200 id
1270 4132 1478 4221 quod,
1538 4155 1733 4222 quum
1783 4134 1867 4200 de
1914 4133 2408 4223 Agamemnonis
2457 4145 2523 4199 et
2569 4132 3082 4222 Clytaemnestrae
3131 4129 3321 4216 culpa
3368 4143 3802 4218 quaereretur,
3866 4133 4018 4197 satis
4080 4130 4351 4198 demon-

925 4263 1192 4317 stratum
1242 4261 1357 4314 est.
1447 4248 1787 4336 Aegisthus
1834 4262 2046 4315 autem
2098 4249 2268 4315 nullo
2318 4251 2453 4314 iure
2504 4248 2734 4313 nititur.
2829 4250 2881 4312 ls
2927 4246 3059 4311 sola
3112 4246 3448 4310 vitiositate
3494 4244 3724 4310 ductus
3773 4246 3901 4334 agit
3949 4246 4034 4311 ob
4072 4268 4350 4335 eamque

928 4387 1063 4433 rem
1131 4364 1409 4430 omnium
1474 4364 1813 4452 tragoediae
1875 4385 2295 4452 personarum
2363 4365 2703 4429 maximam
2768 4364 2825 4427 in
2875 4384 2945 4427 se
2995 4361 3251 4448 culpam
3312 4362 3651 4447 congessit.
3744 4362 3960 4439 Quare
4009 4362 4058 4426 si
4109 4362 4354 4427 miseri-

927 4480 1147 4547 cordia
1198 4490 1296 4545 est
1341 4479 1654 4567 aegritudo
1705 4501 1783 4545 ex
1831 4479 2085 4545 miseria
2134 4479 2394 4544 alterius
2443 4480 2662 4543 iniuria
2715 4477 3093 4547 laborantis,
3160 4476 3422 4562 Aegisti,
3489 4476 3781 4561 quamvis
3833 4476 4060 4541 ultimis
4107 4476 4350 4563 suppli-

926 4598 1038 4664 ciis
1084 4595 1330 4669 affecti,
1381 4615 1460 4660 ne
1511 4594 2029 4660 humanissimum
2079 4593 2338 4680 quidem
2389 4591 2710 4657 hominem
2762 4589 3106 4657 miserebit.

1106 4711 1618 4800 Clytaeinnestrae
1666 4709 1871 4773 dirum
1920 4709 1980 4774 in
2031 4709 2257 4774 marito
2305 4705 2606 4795 flagitium
2659 4708 3032 4793 impunitum
3083 4724 3347 4770 manere
3399 4724 3522 4769 nou
3574 4715 3804 4788 potest.
3899 4705 4027 4768 lam
4078 4703 4351 4770 Cassan-

927 4827 1041 4893 dra
1093 4826 1253 4912 patri
1307 4822 1617 4890 vindicem
1669 4826 1977 4890 oriturum
2026 4844 2170 4889 esse
2221 4822 2531 4909 praedixit.
2623 4821 2848 4886 Redux
2900 4820 3171 4886 Orestes
3219 4829 3408 4884 necat
3465 4830 3735 4884 matrem
3788 4819 4056 4905 eiusque
4105 4832 4352 4885 amato—

927 4964 1082 5007 rem.
1175 4937 1415 5005 Ambos
1460 4939 1710 5013 necari,
1774 4938 2097 5005 notissima
2146 4936 2229 5003 ab
2279 4938 2560 5003 Homero
2629 4948 2895 5023 recepta
2962 4934 3172 5001 sabula
3237 4933 3543 5020 postulat,
3606 4934 3721 4999 sed
3789 4932 4206 4999 matricidium
4257 4934 4350 5000 rei

927 5069 1123 5144 caput
1170 5066 1285 5120 est.
1378 5053 1576 5117 Etiam
1629 5053 1899 5119 Orestes
1945 5053 2030 5119 ab
2082 5072 2203 5117 una
2255 5062 2438 5138 parte
2487 5052 2623 5116 iure
2671 5052 2912 5125 nititur,
2961 5049 3043 5117 ab
3092 5051 3292 5116 altera
3327 5049 3538 5136 culpae
3574 5069 3720 5113 reus
3754 5060 3867 5112 est.
3936 5046 4029 5113 Ab
4060 5048 4350 5134 Apolline
