4917 5950
2272 376 2352 441 ⁴9

597 586 762 658 enim
811 590 1017 656 iussus
1066 602 1162 654 est
1210 588 1392 653 matri
1455 587 1738 677 infligere
1804 599 2093 656 mortem.
2187 591 2249 654 Si
2301 590 2485 677 igitur
2531 589 2660 654 deo
2724 587 3002 663 iubenti,
3061 589 3200 675 qui,
3266 588 3420 676 quid
3482 589 3710 656 iustum
3775 592 4011 680 quidve

596 706 889 770 iniustum
938 704 1041 779 sit,
1105 704 1244 789 ipso
1295 701 1517 769 melius
1561 704 1728 770 scire
1791 702 2022 775 debet,
2084 725 2329 770 morem
2386 706 2573 793 gerit,
2642 715 2819 769 recte
2884 703 3039 792 agiu
3104 703 3154 768 si
3206 726 3361 771 vero
3428 705 3645 771 matris
3704 708 4011 796 sanguine

599 817 1052 907 profundendo
1101 817 1387 884 naturale
1437 819 1687 905 pietatis
1733 819 1829 884 ius
1878 817 2094 894 violat,
2160 839 2283 884 non
2345 833 2523 886 recte
2590 821 2712 907 agit
2764 831 2828 884 et
2874 817 3084 905 culpae
3133 840 3282 885 reus
3330 831 3443 898 est.
3536 821 3656 899 Qui
3707 821 3857 886 dum
3907 821 4012 887 dei

602 934 924 1001 voluntate
972 932 1398 1020 obsequendo
1444 924 1714 998 salutem
1776 943 2021 1019 sperat,
2094 935 2415 999 Furiarum
2480 936 2860 1020 permittitur
2919 934 3315 999 insectationi
3366 947 3431 998 et
3477 934 3635 1000 dirae
3700 934 4014 1003 obnoxius

602 1048 667 1114 fit
715 1048 1075 1115 calamitati.
1164 1050 1301 1113 Heu
1353 1050 1649 1114 miseram
1683 1048 1973 1134 stirpem,
2022 1070 2171 1136 quae
2226 1049 2488 1115 «incidit
2520 1050 2576 1113 in
2614 1037 2924 1138 Scyllam,
2975 1049 3125 1113 dum
3159 1049 3285 1113 vult
3320 1051 3517 1114 vitare
3555 1049 4005 1140 Charybdim»

602 1165 787 1244 Quis,
834 1185 964 1252 quo
1012 1162 1150 1229 finis
1198 1163 1454 1229 tandem
1505 1165 1899 1229 miseriarum
1947 1165 2052 1238 sit,
2102 1163 2264 1229 inter
2312 1164 2405 1229 ius
2454 1176 2518 1228 et
2565 1164 2820 1249 culpam
2871 1162 3305 1250 disceptabit?
3385 1165 3521 1230 Non
3573 1164 3792 1231 hercle
3844 1188 4008 1231 mur·

601 1278 815 1345 talium
880 1279 1238 1366 quisquam.
1328 1280 1465 1345 Hoc
1526 1279 1641 1345 nisi
1704 1277 1786 1343 dii
1852 1299 1975 1343 non
2041 1290 2322 1364 possunt.
2432 1279 2596 1344 Ecce
2662 1299 2864 1343 novus
2945 1279 3279 1344 instituitur
3353 1280 3763 1367 Areopagus,
3835 1281 4015 1347 cuius

603 1394 877 1469 iudiceS,
926 1394 976 1459 si
1026 1415 1148 1458 non
1209 1394 1326 1479 ipsi
1374 1393 1456 1458 dii
1515 1406 1688 1469 sunt,
1752 1402 1815 1457 at
1862 1405 2041 1459 certe
2104 1392 2397 1459 homines
2453 1394 2665 1459 animo
2723 1414 2840 1457 suo
2907 1392 3175 1459 deorum
3241 1393 3621 1460 consimiles,
3715 1396 4012 1472 Minerva,

603 1528 1034 1594 compensans
1082 1509 1175 1574 ius
1223 1528 1368 1574 cum
1418 1507 1641 1595 culpa,
1686 1528 1804 1574 suo
1851 1506 2152 1595 suffragio
2201 1507 2478 1574 iudicum
2528 1518 2742 1594 aequat
2789 1508 3136 1574 sententias
3183 1528 3497 1595 reumque
3548 1509 3847 1575 Orestem
3881 1510 4014 1576 cle-

607 1623 863 1689 mentiae
911 1622 1056 1712 lege
1105 1620 1396 1689 absolvit.
1446 1660 1523 1669 -—

785 1853 890 1919 Sic
936 1851 1195 1918 tandem
1255 1852 1502 1918 animus
1561 1862 1782 1917 noster
1842 1850 2300 1939 tranquillatur.
2390 1853 2545 1916 Nam
2611 1851 2805 1918 homo
2869 1871 3025 1918 vere
3090 1850 3298 1918 bonus
3345 1864 3410 1917 et
3458 1873 3842 1940 generosuS,
3905 1854 4011 1941 qui

609 1968 822 2034 insons
867 1989 938 2033 se
987 1965 1257 2033 deorum
1307 1967 1610 2033 voluntati
1659 1966 1976 2053 permisit,
2025 1978 2088 2032 et
2133 1966 2405 2033 deorum
2453 1967 2650 2054 gratia
2700 1987 2778 2032 ac
2826 1967 3046 2033 favore
3094 1965 3282 2052 culpa
3332 1965 3656 2034 liberatur.
