4917 5950
2282 354 2323 419 9

597 590 812 658 neque
859 568 1077 633 Furias
1122 587 1266 640 eos,
1328 565 1434 654 qui
1495 575 1714 652 spreta
1776 565 2001 631 iustitia
2068 565 2364 631 fortunati
2426 566 2579 640 sint,
2644 585 2769 632 non
2829 565 3238 652 praecipitare
3297 566 3352 628 in
3418 567 3694 632 exitium.
3788 568 4006 645 Quare

540 715 546 721 ⁴
599 685 915 751 fortunam
962 703 1035 748 se
1083 681 1425 769 praeferre.
1472 679 1574 746 cui
1625 699 1749 745 non
1798 678 2172 746 invideatur.
2221 700 2277 745 v.
2321 678 2695 745 tot—470.
2741 717 2823 728 —

778 799 891 863 11ae
937 795 1115 863 chori
1162 795 1530 870 sententiae,
1578 813 1848 882 quarum
1895 793 2132 860 similes
2177 793 2353 881 apud
2399 792 2743 859 Pindarum
2793 793 2827 858 Ι.
2862 813 2917 860 c.
2963 793 3348 870 invenimuS,
3397 816 3523 860 non
3555 794 3801 870 dubito,
3852 795 4002 883 quin

601 934 682 981 eo
730 910 992 979 consilio
1043 908 1311 997 prolatae
1358 911 1505 984 sint,
1570 910 1798 996 partim
1847 919 1914 974 ut
1958 919 2364 995 spectatores
2408 928 2443 973 a
2496 886 2791 975 violando
2840 908 2976 974 iure
3022 906 3237 974 divino
3300 920 3494 997 atque
3559 908 3838 975 humano
3887 908 4004 975 de-

601 1040 912 1101 terreant,
964 1025 1192 1113 partim
1241 1045 1357 1090 eos
1403 1024 1887 1111 exspectatione
1936 1035 2192 1090 erectos
2240 1033 2546 1111 metuque
2593 1043 2945 1109 suspensos
3002 1034 3278 1089 teneant.
3369 1022 3575 1100 Paris,
3636 1025 3808 1110 quod
3858 1044 4006 1090 san·

601 1154 771 1208 ctum
821 1153 948 1214 est,
997 1138 1415 1205 conculcavit.
1509 1139 1660 1203 Eum
1711 1139 1946 1203 divitiae
1993 1148 2188 1225 atque
2236 1157 2398 1224 opes
2447 1158 2572 1203 non
2620 1135 3053 1203 defenderunt
3094 1137 3179 1202 ab
3225 1139 3497 1205 interitu.
3572 1145 4004 1228 Agamemnon

601 1278 720 1344 pro
768 1276 890 1322 una
941 1253 1178 1320 Helena
1229 1266 1295 1319 et
1339 1253 1397 1318 in
1448 1254 1713 1341 gratiam
1777 1253 1959 1318 unius
2004 1250 2274 1318 Menelai
2338 1251 2680 1364 multorqm
2743 1251 3024 1338 profudit
3082 1254 3454 1340 sanguinem
3520 1253 3714 1342 idque
3775 1255 4004 1320 civium

604 1371 823 1437 iniuria
888 1370 1054 1435 fecit.
1155 1369 1572 1455 Spectatores
1633 1367 1817 1456 igitur
1881 1378 2201 1455 quaerent:
2283 1367 2511 1432 «Hanc
2571 1365 2825 1454 culpam
2889 1364 3161 1433 nimiane
3224 1368 3388 1434 forte
3449 1367 3747 1435 felicitate
3810 1381 4016 1458 atque·

603 1486 924 1573 opulentia
974 1481 1252 1549 confisus
1300 1482 1359 1546 in
1408 1504 1479 1549 se
1528 1482 1889 1549 contraxit?
1982 1482 2052 1546 Et
2096 1483 2146 1547 si
2197 1502 2301 1547 res
2347 1481 2428 1547 ita
2476 1489 2548 1547 se
2597 1478 2826 1554 habet,
2877 1480 3223 1548 felicitasne
3270 1492 3464 1569 atque
3499 1483 3822 1570 opulentia
3856 1505 4003 1550 eum

603 1622 639 1666 a
689 1602 918 1667 civium
968 1595 1197 1664 invidia
1247 1596 1684 1663 tuebunturtn
1783 1595 1912 1663 Sed
1962 1595 2125 1663 haec
2174 1597 2442 1683 quaestio
2494 1616 2616 1660 non
2668 1594 3071 1681 persolvitur.
3153 1597 3374 1684 Neque
3423 1596 3484 1663 id
3533 1598 3770 1663 iniuria.
3849 1600 4004 1665 Nam

602 1714 686 1782 de
735 1712 1035 1804 Aeschyli
1080 1713 1390 1779 sententia
1440 1717 1871 1800 Agamemnon
1920 1711 2147 1777 civium
2195 1710 2502 1798 sanguine
2551 1709 2814 1796 profuso
2863 1711 3103 1798 insigne
3166 1710 3493 1798 quoddam
3558 1688 3787 1777 malum
3852 1713 4006 1780 faci-

606 1851 724 1896 nus
770 1851 897 1896 non
946 1827 1361 1914 perpetravit.
1451 1826 1805 1894 immolatio
1868 1837 2105 1891 tantum
2169 1823 2513 1912 lphigeniae
2563 1825 2867 1910 imprimis
2914 1825 3241 1911 premitur.
3288 1847 3343 1891 v.
3390 1827 3779 1894 246—253.
3872 1830 4006 1894 Non

605 1945 790 2033 igitur
836 1942 1065 2008 invidia
1115 1941 1375 2016 civium,
1424 1942 1540 2008 sed
1593 1942 1727 2006 aliis
1775 1943 1982 2007 causis
2030 1939 2323 2006 interibit.
2371 1975 2453 1986 -

782 2058 1270 2149 Clytaemnestra
1321 2057 1546 2121 iterum
1596 2057 1653 2121 in
1700 2075 1959 2122 scenam
2012 2054 2226 2141 prodit
2270 2065 2335 2119 et
2378 2074 2525 2120 sese
2576 2072 2942 2139 praeconem
2995 2053 3082 2118 ait
3127 2056 3507 2141 conspicere
3555 2076 3589 2122 a
3640 2056 3847 2123 littore
3898 2080 4009 2124 ve·

607 2175 916 2248 mentem,
966 2171 1072 2260 qui
1121 2173 1243 2236 iam
1294 2191 1447 2237 vera
1497 2171 1907 2236 nunciaturus
1953 2172 2047 2236 sit.
2141 2171 2196 2235 ls
2244 2169 2428 2256 igitur
2472 2166 2707 2255 gaudio
2754 2166 3077 2234 exsultans
3125 2169 3374 2234 Troiam
3431 2190 3500 2235 re
3551 2192 3700 2237 vera
3750 2184 4005 2259 captam

606 2309 929 2376 omneque
989 2306 1212 2354 semen
1276 2297 1466 2351 terrae
1531 2285 1906 2350 exstinctum
1970 2304 2114 2349 esse
2178 2281 2470 2348 affirmat.
2574 2282 2649 2346 Et
2711 2281 2852 2368 ipse
2917 2283 3175 2371 quidem
3238 2283 3475 2351 chorus
3534 2284 3812 2362 laetatur,
3888 2286 4005 2353 sed

608 2414 857 2470 moesto
903 2423 976 2468 se
1023 2423 1102 2468 ex
1152 2412 1418 2487 pectore
1464 2420 1642 2484 saepe
1700 2400 2055 2484 suspirasse
2112 2397 2418 2486 queritur.
2508 2379 2944 2484 Interroga'nte
2993 2418 3319 2484 praecone‚
3386 2420 3533 2488 quae
3581 2422 3773 2468 cansa
3825 2402 4014 2468 fuerit

610 2516 1024 2608 aegritudinis,
1075 2517 1325 2582 fortene
1374 2513 1643 2578 absente
1693 2533 1846 2599 rege
1896 2514 2156 2584 fuerint..
2204 2531 2369 2600 quos
2400 2511 2703 2588 timuerit,
2752 2531 2823 2577 se
2856 2510 3096 2577 dudum
3134 2513 3564 2580 molestiarum
3599 2515 4008 2582 lenimentum

611 2655 735 2700 non
787 2630 1032 2697 habere
1081 2631 1192 2695 nisi
1239 2629 1552 2695 silentium
1605 2625 1954 2714 profitetur.
2005 2647 2057 2691 v.
2105 2625 2473 2691 486—545.

787 2744 1035 2827 Quibus
1081 2743 1296 2810 verbis
1345 2742 1445 2809 bic
1494 2742 1764 2830 primum
1814 2763 2026 2807 rerum
2075 2741 2536 2815 conditionem,
2598 2740 2802 2828 qualis
2849 2742 2907 2806 in
2956 2740 3206 2808 aedibus
3254 2743 3441 2830 regiis
3488 2756 3611 2819 est,
3673 2744 3840 2810 haud
3891 2746 4011 2813 ob-

607 2883 798 2931 scure
844 2859 1057 2948 tangit.
2765 2933 2769 2937 .

790 2977 1279 3067 Clytaemnestra
1341 2972 1587 3038 laetatur
1648 2983 1711 3038 et
1771 2969 2144 3058 triumphat,
2206 2969 2379 3057 quod
2443 2982 2755 3037 nocturno
2819 2969 2919 3037 illo
2970 2971 3112 3059 igne
3163 2993 3286 3038 non
3335 2971 3412 3038 sit
3457 2972 3764 3062 decepta,
3830 2989 3894 3043 et
3936 3000 4010 3042 se

612 3094 948 3179 coniugem
998 3111 1035 3156 e
1085 3088 1256 3155 bello
1308 3087 1682 3153 redeuntem
1731 3106 1923 3173 quam
1971 3087 2211 3172 optime
2259 3098 2677 3173 excepturam
2728 3106 2872 3150 esse
2920 3087 3186 3152 simulat.
3282 3087 3442 3167 Quin
3504 3089 3682 3155 addit
3738 3092 4010 3158 mendax

611 3227 726 3275 ore
774 3204 1154 3291 impudenti,
1202 3204 1366 3276 fore,
1418 3215 1482 3265 ut
1530 3207 1962 3289 Agamemnon
2012 3198 2202 3265 fidam
2254 3203 2416 3266 intus
2464 3221 2726 3265 uxorem
2778 3211 2843 3264 et
2890 3199 3268 3267 benevolam
3334 3204 3666 3270 custodem
3723 3208 4013 3273 inveniat.

613 3325 836 3410 Neque
885 3320 1052 3386 enim
1102 3338 1245 3384 cum
1294 3315 1418 3381 alio
1471 3317 1602 3380 viro
1651 3314 1838 3381 ullam
1887 3336 1957 3381 se
2008 3313 2253 3380 habere
2302 3314 2850 3380 consuetudinem.
2944 3315 3088 3394 Quo
3132 3315 3283 3401 quid
3333 3317 3810 3403 impudentius?
3858 3323 4012 3386 Nam

615 3437 863 3502 mentiri
912 3454 1054 3499 eam
1105 3445 1170 3497 et
1214 3441 1618 3519 spectatores
1662 3430 1869 3496 sciunt
1916 3441 1981 3496 et
2026 3428 2294 3502 chorus,
2342 3431 2400 3493 in
2449 3427 2790 3493 ludibrium
2843 3441 3101 3494 vertens
3148 3430 3285 3497 eius
3333 3431 3564 3507 verba,
3613 3436 4015 3521 apertissime

611 3549 941 3640 significat.
987 3570 1045 3613 v.
1091 3549 1307 3612 585—
1357 3545 1507 3611 614.
1552 3580 1635 3591 —

792 3663 1278 3753 Clytaemnestra
1325 3659 1609 3748 digressa
1660 3657 1897 3724 chorus
1942 3658 2297 3723 sciscitatur
2344 3656 2428 3722 de
2479 3657 2787 3722 Menelao.
2861 3657 3050 3724 Cuius
3087 3661 3584 3746 percontationis
3616 3664 3765 3750 quid
3802 3685 4017 3732 causae

615 3783 719 3854 sit.
769 3778 955 3846 facile
1004 3773 1380 3864 intelligitur.
1471 3775 1748 3840 Primum
1798 3774 1963 3839 enim
2013 3772 2338 3838 Menelaus
2385 3772 2582 3837 frater
2629 3786 2727 3837 est
2756 3775 3246 3859 Agamemnonis
3293 3786 3538 3840 etcum
3574 3799 3653 3843 eo
3691 3782 3747 3843 in
3784 3780 4014 3847 eadem

615 3908 785 3962 terra
834 3903 1086 3982 regnat3
1154 3910 1347 3978 quam
1397 3888 1483 3956 ob
1535 3910 1667 3955 rem
1718 3888 1801 3953 de
1850 3908 1930 3953 eo
1978 3888 2213 3974 quaeri,
2277 3898 2778 3952 consentaneum
2829 3900 2957 3967 est;
3020 3887 3258 3954 deinde
3318 3909 3473 3955 vero
3521 3892 3764 3979 culpae,
3824 3917 4016 3983 quam

617 4009 716 4076 ille
765 4010 825 4073 in
872 4027 943 4073 se
993 4006 1335 4078 contraxit,
1399 4002 1880 4091 quodammodo
1929 4003 2256 4089 particeps
2304 4014 2418 4066 est.
2515 4003 2709 4067 Recte
2759 4002 2943 4089 igitur
2991 4016 3394 4089 spectatores
3439 4022 3759 4093 quaerent,
3812 4024 4016 4076 utrum

618 4124 873 4212 punitus
919 4122 1027 4197 sit,
1092 4139 1213 4186 nec
1258 4139 1359 4185 ne.
1449 4119 1783 4186 Postremo
1839 4128 2054 4182 autem
2104 4121 2329 4203 poeta,
2393 4116 2601 4204 quod,
2665 4115 2837 4181 foeda
2901 4115 3068 4181 illum
3126 4129 3511 4205 tempestate
3577 4136 3873 4187 vexatum
3935 4125 4017 4191 ad

615 4241 979 4329 Aegyptum
1030 4255 1235 4322 usque
1282 4233 1603 4300 deiectum
1654 4253 1799 4299 esse
1844 4249 2124 4319 suasque
2172 4231 2293 4296 iam
2341 4228 2607 4296 solvisse
2656 4250 2916 4317 poeuas,
2983 4251 3350 4317 praeconem
3401 4252 3806 4302 enarrantem
3858 4238 4021 4314 facit.

617 4353 678 4420 id
728 4363 1062 4420 assecutus
1109 4361 1236 4423 est,
1287 4362 1353 4414 ut
1399 4369 1480 4415 ex
1526 4346 1768 4423 fabula,
1815 4364 2007 4434 quam
2055 4345 2483 4412 actuosiorem
2530 4342 2666 4410 fieri
2717 4344 2941 4421 noluit,
2994 4345 3244 4412 excludi
3298 4350 3591 4434 potuerit.
3639 4387 3722 4397 —

795 4471 841 4533 A
892 4486 1081 4532 versu
1131 4464 1257 4530 677
1303 4465 1591 4552 sequitur
1637 4462 1987 4537 canticum,
2035 4481 2166 4548 quo
2215 4458 2453 4526 chorus
2487 4459 2861 4525 Graecorum
2893 4461 3400 4546 expeditionem,
3452 4465 3658 4531 Troiae
3691 4466 4022 4543 funestam,

617 4592 1070 4669 sumptamque
1117 4579 1201 4645 de
1249 4577 1482 4645 violato
1528 4577 1667 4642 iure
1714 4574 2007 4661 hospitali
2076 4572 2413 4641 vindictam
2478 4572 2785 4640 celebrat.
2878 4576 3032 4640 Tum
3096 4596 3252 4642 vero
3315 4579 3394 4643 ad
3464 4579 3669 4646 locum
3735 4600 4022 4647 commu-

620 4718 768 4765 nem
816 4709 908 4772 et,
958 4706 1025 4759 ut
1068 4695 1151 4759 ita
1199 4693 1437 4767 dicam,
1485 4689 1919 4776 dogmaticum
1967 4688 2189 4755 transit
2234 4698 2300 4755 et
2331 4688 2523 4756 totius
2553 4687 2886 4777 tragoediae
2920 4690 3133 4776 prodit
3161 4694 3539 4758 sententiam
3569 4694 4026 4781 gravissimam.

625 4813 917 4879 Veterem
965 4810 1052 4875 ait
1098 4829 1241 4875 esse
1289 4807 1685 4895 opinionem,
1732 4825 1858 4894 qua
1907 4802 2242 4881 credatur,
2290 4821 2329 4870 a
2376 4804 2563 4870 nimia
2614 4803 2913 4870 felicitate
2963 4825 3087 4871 non
3137 4806 3361 4892 procul
3410 4807 3643 4875 abesse
3677 4810 4026 4893 miseriam;

621 4902 739 4993 sibi
787 4936 1001 4992 autem
1048 4922 1130 4989 ab
1179 4921 1314 4988 aliis
1358 4919 1748 4987 dissentienti
1798 4939 2063 5008 prorsus
2106 4918 2293 4984 aliam
2342 4930 2516 4985 stare
2560 4919 2958 4985 sententiam.
3021 4920 3222 4987 iustas
3268 4923 3433 4987 enim
3470 4922 3735 4990 familias
3765 4946 4028 5015 semper

3100 5034 3141 5099 2
