4917 5950
2245 263 2315 329 ‘ll

753 478 908 542 Tum
959 499 1114 544 vero
1165 478 1553 554 Cassandra,
1622 489 1798 544 vates
1847 477 1944 541 illa
1997 477 2261 550 misera,
2321 497 2470 564 quae
2519 476 2602 542 ab
2650 474 2938 563 Apolline
3003 475 3389 543 divinatione
3446 476 3712 550 donata,
3777 479 3981 543 sutura

575 592 741 658 mala
787 614 1053 680 semper
1100 595 1296 669 canit,
1344 594 1460 660 sed
1512 612 1547 657 a
1597 593 1850 658 nemine
1896 588 2090 657 fidem
2139 591 2258 657 sibi
2292 591 2636 657 conciliare
2674 612 2886 678 neque
2921 591 3374 668 calamitatem,
3424 613 3614 680 quam
3653 593 3984 679 praevidet,

575 727 1008 774 averruncare
1059 721 1295 794 potest,
1346 709 1525 795 quasi
1575 708 1705 773 acri
1753 706 2047 772 dolorum
2096 727 2310 771 morsu
2362 706 2674 780 cruciata,
2724 705 2802 769 ad
2853 704 3129 771 lamenta
3182 728 3507 794 vocesque
3560 721 3683 771 tam
3721 708 3982 773 misera-

576 821 737 888 biles
785 822 1075 888 edendas
1121 824 1331 909 aperit
1379 843 1520 898 ora,
1573 835 1635 886 ut
1686 820 1784 887 vel
1833 841 2054 887 sanum
2106 820 2283 886 chori
2332 822 2608 884 animum
2659 820 2975 905 percutiat
3021 833 3216 907 atque
3265 834 3649 888 consternet.
3719 831 3804 887 Ac
3855 823 3982 908 pri-

574 959 745 1002 mum
794 938 1054 1025 quidem
1106 936 1452 1003 iden³idem
1503 937 1889 1024 Apollinem,
1953 957 2145 1022 quem
2193 957 2310 1000 suo
2361 933 2654 999 fefellerit
2717 955 2970 1008 amore,
3034 957 3213 1001 suam
3271 936 3554 1024 appellat
3614 939 3982 1023 perniciem.

578 1051 825 1117 Deinde
877 1074 1059 1126 vero,
1110 1052 1215 1118 ubi
1266 1072 1299 1116 a
1351 1052 1552 1118 choro
1601 1053 1837 1118 certior
1885 1050 2050 1116 sacta
2100 1063 2223 1126 est,
2284 1071 2355 1114 se
2404 1048 2485 1113 ad
2536 1049 2716 1114 aedes
2763 1048 3118 1114 Atridarum
3181 1051 3459 1117 venisse:
3529 1052 3666 1117 «Ad
3720 1051 3980 1118 domum

577 1167 782 1254 igitur,
812 1193 839 1227 ι)
895 1168 1123 1255 inquit,
1177 1167 1347 1232 «diis
1395 1167 1717 1238 odiosam,
1766 1164 2041 1230 caedium
2090 1162 2208 1230 sibi
2258 1163 2608 1237 consciam,
2656 1162 2961 1251 sanguine
3011 1164 3575 1231 redundantem‘?»
3633 1189 3687 1232 ν.
3727 1167 3982 1231 1082-

580 1280 769 1347 ⁴085.
862 1283 1017 1347 Tum
1068 1303 1308 1368 pueros
1356 1282 1689 1371 Thyestae,
1753 1278 2003 1345 caedem
2065 1300 2247 1344 suam
2311 1276 2626 1344 deflentes
2689 1289 2754 1343 et
2801 1298 3061 1344 carnem
3119 1293 3393 1345 assatam
3445 1293 3509 1346 et
3555 1301 3589 1344 a
3641 1295 3822 1368 patre
3871 1303 3981 1348 co·

580 1416 819 1462 mesam
869 1397 1251 1483 conspicere
1297 1397 1415 1462 sibi
1467 1394 1741 1461 videtur.
1833 1393 2027 1459 Paulo
2078 1406 2221 1480 post
2280 1393 2688 1468 exclamanti,
2750 1392 2899 1479 quid
2964 1414 3148 1458 novae
3211 1393 3583 1462 calamitatis
3646 1397 3871 1461 mulier
3920 1399 3976 1461 in

578 1510 830 1577 aedibus
878 1511 1204 1586 moliatur,
1271 1512 1450 1576 cuius
1496 1508 1722 1596 procul
1769 1510 1846 1573 sit
1891 1507 2197 1574 defensor
2243 1507 2624 1589 (Orestes),
2689 1506 2925 1573 chorus
2972 1508 3350 1594 respondet,
3412 1532 3483 1575 se
3533 1509 3675 1576 haec
3723 1511 3981 1597 quidem

580 1625 874 1691 vaticinia
923 1647 1046 1692 non
1097 1624 1478 1713 intelligere,
1539 1624 1637 1688 illa
1691 1645 1875 1699 vero,
1938 1643 2084 1710 quae
2133 1622 2361 1687 dixerit
2408 1621 2492 1687 de
2543 1621 2844 1710 Thyestae
2892 1624 3133 1709 pueris,
3200 1625 3318 1687 iam
3381 1626 3664 1706 novisse;
3729 1627 3811 1690 de
3862 1625 3982 1691 hac

580 1742 746 1807 enim
799 1761 868 1806 re
920 1753 1115 1805 totam
1165 1740 1446 1806 clamare
1497 1738 1743 1804 urbem.
1791 1760 1847 1803 v.
1900 1735 2374 1802 4094-1097.
2469 1736 2611 1815 Quo
2661 1737 2829 1801 facto
2879 1736 3264 1836 Cassandra,
3323 1759 3448 1826 qua
3515 1741 3760 1806 ratione
3824 1761 3985 1806 uxor

580 1856 973 1922 trucidatura
1023 1857 1097 1920 sit
1147 1855 1465 1928 maritum,
1514 1854 1701 1935 animi
1749 1852 1975 1918 videns
2021 1854 2192 1926 acie,
2242 1854 2302 1916 in
2352 1850 2584 1916 balneo
2633 1871 2777 1915 eum
2829 1851 3246 1920 inextricabili
3282 1853 3586 1919 irretitum
3623 1855 3983 1922 velamento

580 1972 953 2036 moriturum
1004 1991 1148 2035 esse
1200 1970 1573 2035 vaticinatur
1616 1987 1930 2054 suamque
1981 1967 2172 2054 ipsius
2219 1980 2488 2032 mortem
2539 1965 2886 2032 clarissime
2945 1965 3253 2053 praedicit.
3348 1969 3500 2032 Tum
3556 1990 3769 2045 suam,
3835 1992 3982 2057 quae

579 2106 748 2151 nunc
792 2087 896 2163 sit,
957 2097 1195 2151 sortem
1246 2084 1621 2170 deplorans,
1686 2103 1933 2147 memor
1980 2082 2259 2167 pristinae
2309 2080 2647 2155 felicitatis,
2698 2079 2938 2146 Paridis
2983 2083 3233 2167 nuptias
3282 2082 3566 2149 exitiales
3621 2105 3984 2163 exsecrans,

577 2199 661 2265 ad
712 2200 1088 2266 Acherontis
1137 2201 1306 2285 ripas
1350 2220 1497 2264 sese
1546 2219 1693 2262 mox
1741 2197 2217 2261 vaticinaturam
2268 2217 2412 2261 esse
2463 2197 2750 2283 queritur
2790 2194 3095 2282 additque
3137 2197 3352 2284 gravia
3400 2197 3625 2275 verba,
3676 2221 3754 2264 ex
3789 2198 3984 2276 hisce,

582 2334 743 2403 quas
791 2314 1037 2390 videat,
1085 2313 1335 2379 aedibus
1382 2311 1802 2393 (Atridarum)
1851 2331 2172 2397 nunquam
2220 2310 2537 2376 secedere
2589 2310 2832 2381 Furias,
2879 2310 2995 2374 sed
3044 2311 3351 2399 sanguine
3398 2311 3676 2378 humano
3709 2313 3986 2379 inebria·

580 2441 677 2494 tas
722 2426 1104 2512 πρώταρχον
1148 2419 1310 2511 ἄτην
1355 2449 1618 2514 semper
1664 2447 1901 2491 canere
1950 2426 1985 2490 i.
2034 2447 2090 2491 e.
2138 2425 2440 2514 Thyestae
2489 2446 2634 2489 cum
2683 2429 2964 2511 Aeropa,
3011 2428 3180 2490 Atrei
3229 2448 3461 2503 uxore,
3509 2427 3888 2494 adulterium
3922 2443 3986 2495 et

582 2545 750 2610 Atrei
800 2542 1189 2610 horrendum
1241 2543 1499 2608 facinus.
1549 2564 1603 2606 v.
1656 2539 2130 2606 ⁴097—tt86.
2220 2541 2357 2606 Non
2409 2540 2604 2604 multo
2654 2552 2799 2626 post
2846 2541 3070 2605 iterum
3121 2563 3359 2628 pueros
3406 2541 3653 2607 aedibus
3701 2544 3984 2609 assiden-

582 2670 710 2732 tes,
776 2679 1036 2724 carnem
1086 2679 1300 2734 suam,
1363 2677 1399 2721 a
1451 2670 1633 2743 patre
1681 2668 2025 2743 gustatam,
2090 2654 2381 2720 manibus
2438 2667 2731 2720 tenentes
2788 2655 3117 2742 conspicit.
3207 2653 3362 2721 Inde
3411 2658 3497 2721 ait
3543 2656 3707 2732 fieri,
3771 2671 3835 2723 ut
3880 2659 3983 2725 leo

584 2773 840 2861 quidam
892 2773 1172 2848 timiduS,
1224 2773 1396 2837 domi
1444 2770 1778 2845 desidem,
1846 2772 1903 2834 in
1954 2769 2122 2836 lecto
2185 2769 2412 2858 geniali
2461 2770 3011 2857 (Agamemnonis)
3061 2769 3375 2836 volutatus
3422 2770 3841 2859 (Aegisthus)
3893 2753 4005 2839 ut!

585 2890 819 2954 tionem
870 2889 1144 2954 venienti
1193 2888 1450 2952 domino
1499 2907 1614 2951 suo
1664 2885 2007 2951 meditetur
2055 2896 2118 2949 et
2166 2897 2514 2950 monstrum
2567 2883 2892 2971 quoddam
2943 2885 3207 2949 invisum
3242 2884 3786 2977 (Clytaemnestra)
3833 2911 3984 2975 spe-

586 3006 748 3071 ciem
797 3004 1032 3070 laetitiae
1082 3003 1166 3069 ob
1218 3004 1420 3068 mariti
1470 3002 1742 3067 reditum
1790 3001 2041 3065 felicem
2093 3021 2230 3087 prae
2278 3022 2349 3065 se
2397 3000 2612 3065 serens
2672 2999 2844 3064 l'oeda
2910 3000 3189 3066 facinora
3248 3002 3559 3068 moliatur.
3621 3025 3676 3070 ν.
3727 3003 3981 3070 ‘1206—

588 3119 775 3185 t230.
870 3121 1076 3198 Quum
1127 3132 1340 3183 autem
1392 3116 1627 3183 chorus
1674 3138 1743 3181 se
1794 3115 2096 3206 Thyestae
2145 3114 2369 3201 epulas
2416 3136 2494 3179 ex
2545 3112 2810 3179 liliorum
2862 3135 3058 3180 carne
3109 3128 3364 3202 paratas
3412 3117 3793 3207 intelligere,
3844 3121 3987 3185 reli-

586 3255 709 3322 qua
760 3256 885 3299 non
934 3233 1286 3320 intelligere
1335 3232 1532 3307 dicat,
1583 3229 1968 3306 Cassandra3
2025 3230 2646 3317 «Agamemnonis»,
2699 3230 2922 3316 inquit,
2977 3231 3275 3296 «caedem
3327 3230 3639 3299 videbis.»
3697 3256 3750 3298 v.
3801 3235 3987 3301 1238.

588 3352 741 3415 Tum
806 3350 1224 3436 interrogata,
1290 3348 1430 3434 quis
1490 3346 1744 3412 tandem
1811 3344 1935 3411 tale
1998 3345 2240 3410 facinus
2304 3355 2666 3431 patraturus
2712 3345 2819 3409 sit:
2892 3345 3224 3431 «Bipes»,
3290 3347 3512 3434 inquit,
3583 3347 3730 3412 «itta
3781 3348 3982 3415 lemna

585 3464 1134 3554 (Clytaemnestra)
1200 3482 1341 3527 cum
1404 3461 1556 3547 lupo
1614 3459 1975 3548 (Aegistho)
2025 3458 2269 3524 cubans
2318 3472 2381 3524 et
2427 3480 2812 3546 generosum
2874 3458 3040 3523 illum
3091 3458 3344 3525 leonem
3395 3463 3986 3549 (Agamemnonem)

588 3592 653 3645 et
700 3600 801 3643 me
852 3579 1088 3663 ipsam,
1136 3575 1307 3662 quod
1359 3597 1461 3641 me
1512 3575 1807 3661 pellicem
1855 3573 2224 3647 adduxerit,
2272 3573 2614 3639 vindictam
2665 3595 2924 3639 sumens
2973 3575 3380 3641 trucidabit.»
3439 3598 3494 3640 v,
3537 3576 3990 3645 ‹two—¹256.

588 3694 876 3780 Denique
924 3704 1262 3783 postquam
1313 3710 1433 3755 nec
1481 3702 1686 3756 semet
1748 3689 1950 3777 ipsam
2011 3709 2222 3775 neque
2273 3694 2813 3775 Agamemnonem
2875 3688 3103 3754 inultos
3173 3691 3541 3764 morituros,
3605 3691 3729 3758 imo
3795 3695 3992 3760 eaedis

587 3822 920 3874 venturum
971 3827 1114 3872 esse
1163 3781 1511 3879 vindicem,
1573 3804 1679 3892 qui
1737 3803 2163 3869 calamitatum
2225 3803 2456 3869 seriem
2524 3802 2855 3868 clausurus
2900 3804 3010 3877 sit,
3077 3806 3406 3870 vaticinata
3458 3818 3584 3880 est.
3650 3807 3771 3872 iam
3822 3809 3991 3875 nullo

587 3923 763 3988 chori
812 3922 1049 3986 monitu
1099 3934 1377 3994 retenta,
1438 3918 1621 3984 firmo
1670 3920 1880 3983 animo
1929 3930 2197 3984 mortem
2265 3929 2679 4004 exspectans,
2744 3918 2887 3983 vitae
2952 3917 3248 3984 humanae
3314 3918 3776 3989 vicissitudines
3839 3944 3992 3989 con-

587 4050 841 4126 questa:
895 4037 1193 4109 «Satis»,
1242 4034 1467 4122 inquit,
1520 4034 1808 4099 “vietum
1859 4044 2002 4099 est»
2058 4045 2123 4097 et
2170 4034 2227 4098 in
2278 4031 2580 4119 palatium
2631 4032 3003 4120 digreditur.
3052 4055 3108 4099 v,
3159 4033 3614 4102 teas—4322.

760 4153 961 4218 Recte
1010 4149 1112 4215 hic
1159 4150 1493 4237 quaeritur,
1556 4146 1708 4236 quid
1765 4148 1884 4214 sibi
1935 4147 2081 4213 velit
2130 4146 2487 4213 Cassandra
2550 4161 2615 4213 et
2673 4168 2975 4234 quorsum
3039 4150 3176 4214 eius
3235 4162 3532 4236 spectent
3588 4152 3717 4217 visa
3782 4167 3977 4242 atque

588 4268 899 4335 vaticinia.
990 4265 1196 4330 Primo
1246 4265 1411 4329 enim
1462 4262 1687 4329 obtutu
1750 4238 2243 4349 supervacanea
2312 4283 2455 4327 esse
2520 4283 2797 4349 persona
2856 4263 3096 4350 totique
3163 4263 3397 4331 sabulae
3459 4264 3662 4332 aliena
3728 4250 3994 4336 videtur'

590 4382 719 4449 Sed
770 4400 1154 4455 caveamuS,
1202 4399 1281 4444 ne
1327 4398 1756 4465 praepropere
1806 4377 2178 4443 iudicemus.
2274 4377 2513 4442 Etenim
2563 4397 2758 4465 quum
2807 4378 3018 4443 animo
3067 4379 3498 4464 complector,
3558 4393 3690 4447 tres
3739 4386 3995 4471 reperio

590 4517 847 4574 causas,
898 4516 1013 4562 cur
1060 4494 1119 4559 in
1169 4513 1428 4559 scenam
1480 4506 1658 4557 vates
1704 4491 2017 4577 producta
2065 4491 2161 4558 sit.
2233 4494 2324 4558 Ac
2372 4493 2644 4578 primum
2682 4491 2974 4567 videsne,
3023 4513 3215 4580 quam
3248 4495 3608 4582 ingeniosus
3637 4496 3996 4588 sollersque

590 4613 648 4678 in
697 4623 833 4677 arte
882 4611 961 4676 sit
1010 4608 1250 4696 poe‘ta‘?
1322 4608 1441 4686 Qui
1488 4626 1683 4694 quum
1733 4627 1858 4672 non
1922 4606 2278 4694 ignoraret,
2346 4628 2471 4671 non
2537 4627 2729 4694 posse
2793 4606 2925 4682 illa,
2989 4627 3136 4693 quae
3201 4609 3480 4703 intus-iu
3540 4610 3791 4679 aedibus
3844 4619 3992 4704 Aga-

588 4746 887 4794 memnon
954 4736 1315 4811 pateretur,
1379 4723 1437 4786 in
1485 4740 1681 4787 scena
1729 4720 1862 4808 agi,
1929 4742 2049 4807 pro
2097 4720 2201 4786 illo
2250 4718 2570 4786 substituit
2616 4720 3068 4797 Cassandram,
3136 4742 3284 4810 quae
3347 4722 3621 4790 eandem
3686 4748 3830 4792 cum
3894 4728 3998 4798 illo

587 4816 1125 4909 &mmunicatam
1185 4850 1425 4902 sortem
1491 4834 1784 4901 habitura
1846 4847 2116 4923 cogeret
2172 4834 2657 4923 quodammodo
2718 4847 3089 4922 spectantes
3149 4834 3457 4911 fabulam,
3537 4860 3732 4927 quum
3796 4844 3996 4930 ipsam

588 4955 886 5022 viderent
936 4951 1303 5023 dolentem,
1353 4965 1418 5015 ut
1467 4949 1957 5039 Agamemnonis
2005 4970 2270 5039 quoque
2317 4948 2578 5017 dolores
2624 4949 2805 5015 simul
2847 4951 3155 5019 sentirent
3201 4964 3266 5017 et
3312 4964 3482 5019 metu
3534 4955 4001 5025 misericordia·

3153 5078 3248 5139 2.
