4917 5950
2311 300 2353 364 7

633 525 907 590 constat,
956 526 1025 581 ut
1071 533 1329 581 causam
1378 511 1779 581 sacrificandi
1839 512 2265 600 comperiant,
2327 509 2408 576 ad
2459 509 2761 597 palatium
2808 532 2881 578 se
2931 511 3284 577 conserunt.
3377 508 3624 590 Quibus
3670 509 3728 575 in
3775 529 4037 576 scenam

632 629 992 717 progressis
1039 628 1446 721 Coryphaeus
1506 627 1829 695 decimum
1892 626 2015 692 iam
2078 645 2312 691 anuum
2362 645 2507 691 esse
2555 624 2738 701 dicit,
2804 645 2882 691 ex
2932 645 3062 713 quo
3111 624 3379 702 Atridae,
3447 644 3483 689 a
3531 625 3682 689 love
3745 623 4042 712 hospitali

634 743 829 820 missi,
879 754 947 808 ut
989 743 1419 810 Alexandrum
1468 764 1586 831 pro
1634 741 1855 808 iniuria
1904 753 2175 827 accepta
2225 739 2712 816 ulciscerentur,
2762 738 3237 825 expeditionem
3280 752 3501 806 contra
3536 738 3785 805 Troiam
3818 758 4042 805 susce‘-

633 856 862 944 perint.
956 858 1288 945 Utcunque
1353 878 1459 923 res
1519 877 1592 923 se
1652 854 1921 930 habeat,
1985 854 2344 942 perfectum
2393 855 2498 932 iri,
2562 855 2648 920 uti
2713 852 3095 919 destinatum
3157 856 3263 934 sit;
3326 875 3541 942 neque
3604 853 3769 919 enim
3827 852 4041 920 scelus

634 970 835 1037 semel
884 982 1203 1058 patratum
1252 970 1513 1036 inultum
1577 990 1723 1037 esse
1786 990 2000 1057 neque
2065 966 2190 1035 ullo
2256 968 2510 1056 piaculo
2575 967 2816 1056 placari
2871 988 3064 1054 posse
3114 989 3169 1033 v.
3218 968 3527 1033 40—83.
3631 968 3788 1033 Haec
3849 967 4039 1035 Chori

633 1085 948 1151 sententia
1024 1086 1393 1175 gravissima
1455 1097 1577 1160 est,
1656 1104 1805 1172 quae
1864 1094 2225 1151 ceterarum
2289 1085 2469 1170 quasi
2529 1081 2824 1148 familiam
2884 1081 3058 1148 ducit
3114 1093 3179 1148 et
3241 1103 3362 1170 per
3423 1093 3621 1148 totam
3683 1081 3852 1148 valet
3914 1093 4041 1147 tra-

629 1199 934 1287 goediam.
972 1236 1061 1247 —

808 1313 1323 1404 Clytaemnestra,
1385 1332 1422 1378 a
1471 1311 1674 1380 choro
1737 1312 2151 1400 interrogata,
2215 1331 2331 1378 cur
2376 1309 2687 1379 sacrificia
2748 1321 3039 1399 peragat,
3104 1309 3250 1376 nihil
3301 1309 3672 1398 respondet.
3764 1309 4037 1377 Dubium

632 1437 756 1494 uon
807 1440 926 1505 est,
976 1429 1126 1516 quin
1177 1440 1330 1494 nutu
1376 1425 1713 1516 significet,
1759 1447 1832 1493 se
1879 1425 2047 1493 nolle
2095 1426 2506 1514 interpellari.
2555 1463 2637 1474 —
3679 1443 3683 1448 ·

808 1543 1061 1609 Interea
1108 1541 1344 1609 chorus
1389 1562 1427 1606 a
1478 1562 1664 1608 versu
1718 1541 1844 1606 ⁴06
1890 1541 2140 1608 cantico
2199 1541 2390 1629 longo
2449 1541 2667 1606 inserit
2728 1539 3108 1614 embolium,
3174 1560 3302 1627 quo
3350 1537 3435 1604 de
3482 1538 3734 1606 duabus
3794 1539 4038 1627 aquilia

628 1655 859 1723 Atridis
917 1655 1181 1732 oblatiS,
1242 1655 1327 1723 de
1389 1654 1750 1723 Calchantis
1811 1655 2136 1730 vaticinio,
2212 1654 2296 1721 de
2353 1654 2701 1744 Iphigeniae
2764 1654 3193 1726 immolatione
3257 1652 3719 1719 confabulatur.
3808 1653 4042 1720 Atridis

633 1772 801 1838 enim
850 1784 999 1838 ante
1048 1769 1527 1857 expeditionem
1575 1780 1943 1856 susceptam
1993 1791 2117 1835 non
2170 1768 2391 1856 procul
2440 1789 2478 1834 a
2527 1768 2763 1856 palatio
2812 1788 2848 1833 a
2897 1767 3164 1834 dextera
3214 1767 3362 1834 duae
3395 1780 3832 1855 apparuerant
3858 1769 4040 1857 aqui-

627 1886 744 1962 lae,
791 1884 1119 1974 gravidam
1168 1905 1313 1951 cum
1362 1885 1502 1972 ipsa
1550 1883 1731 1970 prole
1780 1883 2200 1950 comedentes
2244 1881 2560 1970 leporem.
2653 1881 2923 1949 Calchas
2971 1896 3182 1958 vates,
3247 1884 3453 1950 statim
3503 1882 3753 1949 Atridas
3799 1881 4039 1970 leporis

627 1999 1052 2066 devoratores
1113 2018 1544 2087 cognoscem,
1607 1998 1833 2063 Priami
1882 1996 2142 2086 quidem
2191 1996 2417 2064 urbem
2467 2009 2727 2085 captum
2788 2018 3146 2086 omnesque
3194 1999 3331 2065 eius
3379 2019 3539 2085 opes
3597 1996 3915 2085 direptum
3965 1999 4038 2064 iri

628 2113 1001 2180 vaticinatus
1047 2126 1217 2190 erat,
1262 2112 1445 2179 simul
1494 2123 1709 2177 autem
1759 2112 2047 2178 timorem
2094 2110 2534 2198 spectantibus
2579 2112 2960 2190 incusserat,
3022 2133 3102 2178 ne
3149 2133 3275 2200 qua
3325 2112 3677 2186 calamitas,
3744 2112 4039 2181 divinitus

628 2229 849 2303 missa,
913 2228 1288 2294 Graecorum
1349 2226 1698 2293 exercitum
1759 2226 2080 2292 retineret.
2170 2224 2413 2290 Almam
2477 2228 2641 2292 euim
2703 2228 3000 2299 Dianam,
3063 2247 3212 2314 quae
3274 2229 3524 2294 faveret
3585 2228 3810 2294 catulis
3871 2229 4037 2304 feris,

626 2341 850 2430 aquilis
894 2340 1010 2408 illis
1058 2341 1243 2408 irasci
1291 2340 1776 2429 timendumque
1825 2340 2009 2429 igitur
2056 2361 2228 2416 esse,
2288 2362 2367 2406 ne
2417 2361 2566 2429 quae
2621 2341 2851 2407 Danais
2897 2341 3200 2407 adversae
3248 2343 3585 2431 navigandi
3633 2341 4039 2410 difficultates

629 2459 1025 2522 mitterentur
1086 2467 1151 2522 et
1209 2477 1328 2543 pro
1392 2454 1703 2520 devorata
1768 2454 1994 2541 lepore
2058 2455 2574 2542 expostularetur
2635 2454 2804 2521 aliud
2869 2455 3195 2544 quoddam
3261 2457 3595 2524 infaustum
3656 2456 4036 2524 sacrificium

633 2595 661 2632 α
682 2569 943 2637 νεικέων
985 2568 1226 2635 τέκτων
1269 2564 1620 2653 ὀλεσήνωρ.
1640 2593 1669 2629 n
1723 2606 1806 2617 -

801 2686 1001 2751 Diana
1048 2684 1235 2773 igitur
1280 2681 1714 2750 succensebat
1756 2682 2015 2760 Atridis,
2063 2704 2189 2750 non
2237 2705 2366 2772 quo
2414 2683 2651 2771 suscipi
2701 2683 3181 2772 expeditionem
3220 2684 3442 2762 nollet,
3482 2723 3562 2733 —
3598 2683 3836 2753 bellum
3870 2688 4036 2753 enim

620 2798 983 2866 Alexandro
1032 2796 1432 2865 inferendum
1479 2798 1708 2864 iustum
1756 2810 1897 2864 erat
1942 2835 2026 2846 —
2072 2797 2188 2865 sed
2239 2800 2387 2887 quia
2449 2798 2684 2865 oderat
2740 2799 3094 2887 aquilarum
3157 2799 3400 2885 epulas.
3492 2799 3619 2865 Cur
3680 2801 3917 2877 oderit,
3985 2803 4037 2869 si

624 2914 891 3004 quaeris:
950 2912 1302 3002 respondet
1349 2932 1572 3001 praeco
1621 2910 1752 2987 ille,
1816 2933 2007 3001 quem
2059 2916 2493 3001 Agamemnon
2563 2913 2909 3001 praemittit,
2973 2926 3041 2980 ut
3086 2935 3157 2981 se
3205 2912 3627 2981 adventurum
3689 2917 4040 2985 renunciet.

621 3032 678 3096 Is
740 3031 797 3094 in
857 3048 1118 3095 scenam
1182 3048 1598 3117 progressus:
1677 3052 1704 3087 α
1732 3025 2066 3111 σπέρμα»,
2129 3028 2355 3117 inquit,
2426 3026 2682 3113 «πάσης
2740 3026 3163 3109 ἐξαπόλλυται
3221 3026 3531 3112 χθονός.»
3602 3031 3715 3097 cfr.
3779 3053 3833 3097 ν.
3890 3033 4039 3099 525.

620 3142 1015 3210 Praeviderat
1066 3143 1253 3231 igitur
1299 3141 1457 3219 dea,
1519 3140 1692 3229 quod
1744 3152 1968 3227 postea
2015 3141 2252 3209 factum
2302 3156 2418 3210 est.
2508 3142 2866 3208 Atridarum
2934 3156 3102 3208 tanta
3153 3155 3250 3209 est
3297 3143 3672 3221 crudelitas,
3736 3158 3802 3210 ut
3849 3148 4039 3214 totius

620 3268 813 3324 terrae
860 3258 1127 3324 troianae
1172 3278 1395 3323 semen
1444 3258 1821 3322 exstinctum
1872 3268 1937 3322 et
1985 3278 2064 3322 ne
2114 3257 2421 3324 matribus
2467 3258 2729 3346 quidem
2779 3278 3133 3346 earumque
3192 3258 3534 3326 infantibus
3582 3262 3894 3347 parcitum
3942 3263 4038 3328 sit.

624 3373 786 3452 Quae
836 3393 942 3438 res
989 3372 1113 3437 iam
1159 3382 1308 3437 ante
1358 3369 1595 3437 bellum
1652 3370 2022 3437 confectum
2070 3370 2215 3438 deae
2263 3372 2552 3462 genitalis
2596 3371 2859 3439 suscitat
2905 3373 3081 3438 iram.
3125 3409 3212 3421 —

795 3485 987 3565 Quod
1032 3496 1248 3552 autem
1293 3486 1516 3550 attinet
1559 3484 1639 3549 ad
1692 3485 1894 3551 verba
1957 3486 2268 3553 «νεικέων
2312 3487 2555 3553 τέκτων
2586 3481 3005 3571 ὀλεσήνωρυ,
3055 3487 3292 3575 cogitat
3348 3501 3528 3555 vates
3569 3487 3653 3555 de
3691 3489 4037 3579 iphigeniae

619 3601 1084 3677 immolatione,
1132 3620 1213 3666 ex
1260 3620 1386 3688 qua
1437 3619 1601 3665 nova
1650 3599 1926 3666 rixarum
1975 3622 2196 3679 causa,
2249 3604 2448 3667 virum
2498 3622 2763 3678 necans,
2813 3602 3128 3668 nascitura
3178 3603 3274 3669 sit.
3347 3605 3611 3669 «Manet
3643 3606 3808 3671 enim
3845 3604 4038 3672 redu-

620 3735 763 3783 cem
826 3713 1173 3782 metuenda
1236 3713 1468 3781 domus
1528 3726 1745 3779 custos
1807 3713 2029 3782 dolosa
2095 3716 2701 3807 (Clytaemnestra)‚
2769 3713 2914 3781 filiae
2980 3716 3317 3782 vindictam
3368 3731 3748 3785 exactura.»
3816 3721 3929 3787 cfr.
3976 3742 4039 3787 v.

621 3828 1017 3896 ⁴47—t55.
1066 3865 1149 3876 —

795 3946 1199 4033 Quamquam
1248 3942 1485 4010 chorus
1534 3942 1905 4010 Calchantis
1953 3944 2169 4011 verbis
2216 3945 2803 4036 Clytaemnestram,
2849 3942 2996 4011 filiae
3044 3964 3270 4013 necem
3323 3947 3813 4024 vindicaturam,
3861 3950 4042 4016 intel-

613 4058 844 4126 lectam
895 4080 1040 4126 esse
1088 4079 1214 4125 non
1260 4057 1739 4138 animadvertit,
1797 4071 2010 4125 tamen
2060 4059 2485 4126 calamitatem
2535 4059 2858 4149 quandam
2924 4060 3256 4128 imminere
3322 4063 3534 4128 animo
3602 4065 3906 4152 praesagit
3953 4064 4038 4131 ob

615 4194 890 4263 eamque
940 4194 1075 4239 rem
1124 4193 1330 4260 usque
1376 4171 1458 4237 ad
1509 4173 1744 4239 exitum
1795 4174 2129 4264 tragoediae
2179 4188 2352 4242 metu
2404 4175 2702 4263 impletus
2750 4189 2865 4241 est.
2917 4212 3001 4223 —

793 4289 956 4368 Quae
1002 4300 1183 4354 vates
1229 4285 1662 4374 praedixerat,
1728 4288 2123 4356 acciderunt.
2217 4289 2546 4373 Exercitus
2593 4291 2968 4357 Graecorum
3019 4289 3241 4357 Aulide
3300 4291 3566 4358 malacia
3625 4290 4039 4359 retinebatur.

614 4402 883 4470 Calchas
930 4404 1149 4468 Dianae
1198 4402 1353 4467 iram
1403 4422 1529 4467 non
1578 4401 1817 4488 placari
1869 4404 1978 4468 nisi
2028 4402 2375 4493 Iphigeniae
2425 4404 2855 4471 immolatione
2905 4404 3077 4470 dixit.
3154 4406 3310 4471 Tum
3362 4427 3517 4472 vero
3566 4410 4035 4495 Agamemnon:

620 4517 982 4595 «Gravis»,
1046 4517 1271 4605 inquit,
1344 4514 1726 4583 «calamitas
1788 4529 1884 4584 est
1944 4539 2069 4584 non
2134 4538 2402 4605 parere;
2464 4520 2676 4608 gravis
2737 4539 2925 4594 vero,
2983 4517 3208 4595 filiam,
3271 4519 3502 4587 domus
3568 4533 4035 4599 ornamentum,

611 4645 915 4699 mactare.
1006 4635 1055 4696 A
1100 4631 1290 4697 sociis
1334 4641 1551 4696 autem
1598 4629 1906 4699 deficiens
1951 4629 2184 4701 fiamne
2232 4633 2452 4700 classis
2499 4633 2894 4701 desertor?»
2949 4634 3062 4701 cfr.
3108 4656 3167 4700 v.
3215 4635 3588 4703 205—214.
3672 4636 3765 4703 Ne
3814 4637 4034 4704 multa.

609 4745 935 4836 Iphigenia
998 4745 1375 4811 immolatur.
1463 4747 1759 4835 luppiter
1801 4748 2347 4835 Agamemnonem
2415 4771 2541 4814 non
2589 4748 2794 4815 solum
2845 4748 3149 4838 prodigiis
3197 4762 3263 4816 et
3310 4752 3501 4818 maris
3564 4751 4035 4840 tranquillitate,
4085 4728 4096 4737 ’

608 4882 830 4928 verum
879 4861 1067 4927 etiam
1119 4859 1581 4947 postulatione,
1645 4881 1772 4949 qua
1823 4858 2012 4927 filiam
2060 4862 2245 4928 ducis
2292 4863 2602 4929 immolari
2653 4862 2877 4941 voluit,
2945 4865 3096 4930 satis
3142 4885 3473 4953 superque
3536 4859 3901 4943 monuerat,
3969 4878 4040 4934 ut

606 4975 780 5044 bello
826 4976 1109 5043 Troianis
1155 4974 1490 5043 inserendo
1553 4974 1897 5043 absisteret
1950 4977 2186 5063 aliique
2249 4976 2605 5067 gerendum
2672 4977 3083 5066 relinqueret.
3176 4985 3252 5044 At
3298 4979 3400 5046 ille
3449 4978 3658 5048 hocce
3724 4983 4034 5048 monitum
