4917 5950
2261 343 2339 408 ⁴5

772 561 927 625 Haec
976 558 1193 634 habui,
1243 578 1391 645 quae
1439 557 1723 624 dicerem
1773 556 1858 622 de
1910 554 2143 622 tabulae
2191 568 2587 645 argumento.
2658 557 2903 632 Restat,
2951 567 3018 620 ut
3066 555 3404 643 inquiram,
3452 556 3672 643 quain
3709 579 3778 622 re
3812 556 4001 625 totius

594 674 931 764 tragoediae
995 676 1086 739 vis
1149 673 1410 738 interior
1471 672 1678 758 posita
1742 692 1888 760 esse
1954 671 2264 736 videatur.
2311 708 2393 719 —-
2444 669 2833 761 Aeschylum
2894 670 3165 756 primum
3226 682 3294 735 ut
3339 691 3495 738 vere
3543 670 3999 758 philosophum

594 789 842 857 fabulas
888 809 1037 856 suas
1085 787 1164 853 ad
1216 798 1458 853 certam
1509 786 1829 873 quandam
1879 785 2232 872 disciplinae
2282 785 2616 851 formulam
2667 785 3108 871 composuisse
3135 797 3200 849 et
3242 784 3300 849 in
3329 785 3638 851 faciendis
3671 788 4001 875 tragoediis

592 904 757 971 nulla
807 904 925 970 alia
976 925 1045 969 re
1096 901 1205 968 nisi
1258 901 1592 967 honestate
1654 900 1913 965 ductum
1978 922 2121 966 esse
2183 921 2377 987 supra
2439 900 2584 966 dixi.
2677 901 2731 964 ls
2779 897 3036 974 fabulis,
3099 918 3261 985 quas
3319 901 3704 986 composuit,
3767 922 4002 991 graves

589 1018 902 1108 quasdam
963 1017 1336 1092 sententiaS‚
1404 1015 1636 1104 quibus
1696 1015 1871 1081 cives
1931 1015 2025 1081 sui
2090 1015 2351 1081 meliora
2415 1014 2848 1081 edocerentur
2911 1025 2976 1079 et
3036 1012 3119 1079 de
3186 1015 3307 1078 vita
3369 1028 3545 1083 recte
3613 1017 3995 1083 instituenda

588 1146 1034 1207 monerentur,
1085 1151 1427 1217 expressas
1474 1151 1619 1196 esse
1669 1142 1733 1195 et
1777 1128 1897 1195 sub
1946 1130 2169 1196 oculos
2223 1142 2659 1217 spectatorum
2722 1127 2945 1194 subiici
3012 1128 3223 1194 voluit.
3315 1130 3753 1208 Quaerendum
3813 1133 4001 1220 igitur

592 1261 714 1325 est,
765 1261 895 1314 tres
942 1247 1065 1312 illae
1112 1244 1476 1334 tragoediae,
1542 1243 1774 1332 quibus
1821 1244 2097 1310 Orestiae
2145 1266 2376 1310 nomen
2426 1256 2525 1310 est
2571 1255 2634 1309 et
2680 1263 2949 1329 quarum
3000 1264 3121 1330 ego
3172 1243 3436 1329 primam
3498 1246 3859 1312 accuratius
3904 1248 3998 1312 in-

588 1361 951 1450 dagandam
998 1362 1288 1448 suscepi,
1336 1381 1498 1446 quas
1547 1360 1938 1446 potissimum
1988 1362 2335 1426 sententias
2368 1370 2663 1445 premant
2696 1371 2760 1423 et
2791 1357 2911 1423 sub
2939 1371 3274 1443 aspectum
3308 1373 3687 1445 proponant.
3751 1362 3995 1429 Deinde

589 1491 800 1542 autem
866 1475 1345 1541 monstrandum
1409 1487 1531 1548 est,
1594 1473 1922 1562 quomodo
1973 1481 2162 1561 poeta
2213 1474 2297 1540 de
2346 1494 2539 1540 causa
2603 1473 2913 1559 cuiusque
2978 1493 3305 1558 personae,
3371 1475 3428 1538 in
3476 1495 3670 1539 scena
3733 1478 3994 1564 agentiS,

589 1591 981 1679 cogitaverit.

768 1706 852 1770 Ex
903 1704 1200 1795 Aeschyli
1248 1704 1558 1769 sententia
1611 1705 1877 1768 numinis
1925 1701 2112 1766 divini
2163 1702 2569 1768 inexorabilis
2618 1715 2715 1768 est
2762 1702 3019 1776 iustitia,
3068 1723 3214 1788 quae
3263 1702 3450 1767 ullam
3501 1726 3713 1770 rerum
3756 1706 3996 1773 ordinis

594 1819 1141 1907 perturbationem
1192 1819 1291 1884 vel
1341 1819 1507 1905 aequi
1555 1816 1713 1905 legis
1760 1818 2163 1882 violationem
2215 1817 2470 1883 inultam
2522 1838 2667 1883 esse
2718 1818 2843 1903 pati
2893 1839 3157 1903 prorsus
3205 1839 3328 1883 non
3381 1831 3612 1903 potest.
3691 1820 3853 1907 Ergo
3888 1823 3994 1907 qui

591 1937 737 2002 facit
787 1949 851 2001 et
896 1947 1153 2021 peccat,
1204 1935 1252 1998 is
1301 1952 1530 2019 poenas
1580 1931 1708 1996 luat
1756 1953 2026 1998 necesse
2075 1947 2199 2006 est,
2252 1944 2317 1997 ut
2364 1952 2482 2019 par
2531 1933 2665 2018 pari
2715 1933 3049 1997 reseratur.
3133 1933 3296 2010 Quin
3346 1932 3473 1998 imo
3522 1931 3654 2008 filii,
3704 1951 3997 2021 nepoteS,

591 2063 986 2137 pronepotes
1032 2049 1264 2114 delicta
1314 2048 1623 2113 maiorum
1672 2047 2089 2113 suo—interitu
2138 2046 2342 2122 luunt,
2394 2049 2508 2112 nisi
2557 2047 2721 2112 forte
2772 2045 2874 2112 dei
2907 2045 3171 2113 alicuius
3205 2048 3402 2134 gratia
3436 2068 3514 2113 ac
3546 2049 3769 2115 favore
3804 2050 3993 2137 culpa

589 2167 845 2230 tandem
895 2163 1262 2230 liberantur.
1356 2164 1530 2227 Hanc
1575 2182 1753 2226 suam
1805 2160 1888 2226 de
1936 2162 2174 2226 ordinis
2219 2162 2408 2226 divini
2458 2174 2524 2226 et
2569 2162 2735 2248 aequi
2797 2174 3037 2226 aeterna
3103 2160 3260 2249 legis
3316 2165 3805 2230 conservatione
3853 2167 3995 2252 opi-

590 2284 843 2345 nionem
892 2299 1088 2367 quum
1138 2277 1400 2350 ceteris,
1450 2289 1579 2340 tum
1627 2275 1741 2350 illi,
1788 2295 1977 2362 quam
2028 2275 2181 2350 dixi,
2232 2276 2530 2363 trilogiae,
2579 2287 2704 2339 tam
2753 2296 2933 2362 saepe
2985 2277 3276 2350 intexuit,
3329 2293 3394 2341 ut
3441 2276 3702 2343 dubium
3743 2301 3867 2346 non
3900 2281 3994 2356 sit,

590 2397 736 2482 quin
788 2416 930 2459 eam
979 2390 1418 2479 spectantibus
1464 2389 1743 2455 fabulam
1804 2390 2032 2455 summi
2094 2391 2274 2476 quasi
2336 2391 2652 2479 dogmatis
2713 2392 2858 2457 loco
2922 2411 3065 2456 esse
3125 2392 3412 2457 voluerit.
3461 2376 3751 2460 *Deinde
3818 2416 3994 2472 ver0,

589 2509 763 2598 quod
813 2519 1030 2574 noster
1077 2506 1178 2571 ille
1227 2504 1540 2592 praeclare
1592 2506 1857 2575 monuit:

1497 2677 1679 2759 „mas
1724 2678 1856 2741 chen
1899 2677 2095 2774 53,th
2139 2675 2305 2755 guid)
2353 2676 2441 2739 bet
2487 2677 2645 2754 bilsen
2690 2677 2874 2756 ant,

1542 2791 1675 2868 §Due
1721 2791 1787 2870 lie
1831 2791 2215 2962 ww&
2234 2790 2606 2938 {fisess-*ptufi
2635 2789 2953 2938 ‘gibertus‘

587 2971 646 3038 id
698 2971 818 3037 iam
870 2966 1224 3059 Aeschylus
1273 2981 1337 3032 et
1386 2963 1757 3052 prolocutus
1806 2969 1901 3030 est
1949 2978 2015 3031 et
2058 2945 2253 3053 quum
2301 2965 2600 3040 aliarum,
2666 2978 2796 3030 tum
2848 2987 3001 3031 vero
3048 2966 3255 3053 gentis
3300 2965 3753 3055 Pelopidarum
3803 2974 3992 3039 tristi-

588 3087 707 3154 bus
769 3087 907 3152 l‘atis
970 3082 1340 3171 praeclarius
1403 3082 1591 3147 etiam
1649 3080 2126 3146 demonstravit.
2222 3082 2313 3145 De
2378 3079 2563 3145 huius
2623 3081 2934 3146 sententia
2998 3082 3244 3168 quaevis
3306 3082 3663 3161 calamitaS,
3732 3109 3879 3174 quae
3929 3090 3989 3154 in

585 3200 864 3291 singulos
926 3197 1216 3264 homines
1274 3195 1371 3262 vel
1436 3197 1625 3261 etiam
1688 3196 1747 3259 in
1808 3206 2003 3260 totam
2067 3193 2341 3282 aliquam
2409 3193 2705 3259 familiam
2767 3196 2965 3272 irruit,
3028 3216 3068 3260 a
3116 3216 3278 3262 noxa
3339 3198 3616 3284 quadam
3680 3202 3988 3290 originem

588 3316 802 3389 trahit,
863 3334 1012 3402 quae
1059 3311 1338 3377 nondum
1388 3311 1661 3397 expiata.
1694 3322 1807 3376 est.
1896 3310 2061 3397 Ergo
2109 3311 2214 3396 qui
2265 3309 2395 3373 vult
2442 3311 2642 3375 vitare
2701 3309 3154 3388 calamitatem,
3219 3313 3268 3378 is
3315 3310 3614 3401 flagitium
3680 3329 3789 3381 aut
3834 3337 3870 3381 a
3918 3339 3990 3384 se

588 3434 723 3518 ipso
787 3441 894 3496 aut
940 3449 974 3493 a
1026 3441 1237 3515 patre,
1308 3445 1459 3501 avo,
1523 3445 1768 3511 proavo
1831 3426 2234 3490 commissum
2302 3424 2565 3510 expiare
2627 3423 2845 3491 debet.
2937 3426 3126 3504 Quod
3180 3428 3238 3491 ni
3287 3428 3468 3504 facit,
3532 3427 3848 3498 obnoxius
3896 3446 3995 3499 est

590 3545 907 3635 periculo,
980 3564 1058 3608 ne
1109 3554 1174 3606 et
1221 3542 1358 3628 ipse
1408 3553 1473 3605 et
1521 3550 1649 3605 tota
1695 3560 1810 3605 sua
1859 3539 2089 3604 familia
2154 3537 2600 3605 miserabiliter
2659 3539 2916 3606 tandem
2979 3540 3170 3606 cadat
3229 3554 3424 3629 atque
3489 3558 3732 3629 pereat.
3827 3548 3987 3613 Dum

586 3675 796 3728 autem
846 3659 1041 3725 homo
1090 3656 1305 3744 expiat
1352 3655 1620 3742 primam
1668 3654 1946 3742 aliquam
1994 3675 2254 3731 noxam,
2301 3655 2592 3742 quamvis
2641 3653 2821 3719 liberi
2869 3675 3141 3743 compos
3168 3660 3246 3721 sit
3292 3656 3564 3735 arbitrii,
3613 3671 3824 3725 tamen
3877 3663 3991 3727 im-

586 3792 813 3866 potens
860 3770 1270 3860 perturbatos
1315 3768 1503 3834 animi
1553 3782 1762 3834 motus
1810 3767 2185 3843 cohibendi,
2236 3781 2449 3835 mente
2497 3769 2839 3835 obcoecata
2890 3784 3136 3837 rectum
3186 3773 3414 3860 agendi
3478 3773 3739 3840 modum
3802 3797 3991 3865 egre-

585 3894 752 3959 ditur
797 3907 1159 3975 novamque
1207 3886 1268 3949 in
1315 3905 1387 3951 se
1436 3882 1691 3970 culpam
1741 3883 2073 3950 contrahit.
2135 3885 2225 3948 lta
2272 3903 2451 3970 saepe
2501 3885 2560 3948 in
2611 3883 2714 3949 tali
2743 3883 2971 3949 familia
3007 3884 3393 3953 continuatio
3428 3887 3727 3975 quaedam
3758 3892 3994 3958 series-

584 4029 709 4098 que
758 4023 1066 4071 noxarum
1130 3999 1409 4088 indeque
1466 3998 1801 4065 orientium
1866 3998 2320 4075 calamitatum,
2386 4018 2534 4087 quae
2594 3999 2791 4086 ipsius
2848 3998 3099 4064 familiae
3159 3990 3279 4083 ἄτη
3340 4012 3465 4078 est,
3530 4004 3770 4070 exsistit
3819 4018 3883 4072 et
3932 4006 3991 4072 in

582 4122 933 4212 perniciem
979 4136 1185 4204 usque
1231 4113 1510 4181 adducit.
1600 4115 1756 4179 Haec
1804 4113 2188 4204 AeschyluS‚
2252 4112 2395 4180 haec
2442 4113 2733 4179 eiusdem
2781 4114 2986 4179 aetatis
3027 4114 3453 4199 sapientiores
3510 4116 3802 4185 homines
3847 4140 3992 4187 cre-

582 4237 841 4307 debant.
933 4233 1097 4313 Quid
1148 4228 1522 4296 Christiani?
1568 4228 1820 4293 Etiamsi
1871 4250 1995 4293 non
2045 4228 2189 4295 haec
2234 4228 2530 4320 quidem,
2578 4240 2642 4294 at
2689 4228 2918 4294 horum
2966 4228 3208 4294 similia.
3284 4230 3490 4308 Quam
3531 4233 3696 4296 enim
3732 4233 3988 4320 culpam

582 4366 883 4420 auctores
940 4346 1132 4414 totius
1192 4344 1447 4433 generis
1504 4341 1760 4408 humani
1810 4343 2262 4409 commiserant
2308 4356 2373 4408 et
2417 4362 2610 4430 quam
2675 4341 3036 4409 hereditate
3101 4346 3340 4430 posteri
3403 4361 3827 4433 acceperunt,
3892 4370 3990 4427 ea,

584 4470 950 4556 priusquam
1003 4482 1118 4549 per
1167 4459 1360 4525 nostri
1411 4457 1676 4544 periculi
1725 4456 2040 4524 vindicem
2106 4458 2722 4545 redemptoremque
2786 4457 3001 4522 mundi
3069 4460 3322 4545 expiata
3386 4472 3585 4537 esset,
3649 4482 3859 4529 nonne
3908 4485 3990 4532 eo

581 4581 867 4655 valebat,
933 4590 1003 4643 ut
1063 4573 1164 4641 vel
1227 4575 1431 4661 ipsam
1497 4570 1992 4638 imbecillitatem
2056 4572 2295 4638 bouum
2357 4571 2630 4638 faciendi
2679 4572 2741 4637 in
2788 4571 3153 4638 hominibus
3213 4573 3502 4661 gigneret
3563 4574 3649 4640 ob
3711 4597 3988 4667 eamque

581 4716 837 4766 causam
886 4690 1257 4758 necessario
1306 4708 1420 4755 eos
1466 4698 1917 4774 corrumperet
1962 4698 2027 4754 et
2073 4687 2132 4752 in
2181 4687 2532 4774 perniciem
2597 4684 3001 4754 adduceret?
3081 4687 3310 4753 Verum
3357 4687 3502 4756 haec
3558 4692 3746 4758 missa
3794 4694 3991 4775 sacio;

580 4812 729 4881 illud
776 4828 1033 4899 quaer0,
1078 4802 1248 4870 unde
1297 4801 1542 4879 veniat,
1606 4813 1671 4866 ut
1718 4800 1914 4868 homo
1962 4813 2207 4868 rectum
2256 4800 2533 4868 faciendi
2579 4812 2709 4867 tam
2756 4821 2938 4888 saepe
2987 4802 3307 4890 impotens
3368 4803 3628 4871 modum
3693 4810 3993 4894 praescri-

579 4942 757 5018 ptum
818 4918 1203 5013 egrediatur.
1296 4916 1419 4997 Qui
1478 4916 1680 4984 sacris
1739 4915 2095 4983 christianis
2157 4915 2379 4983 imbuti
2424 4928 2600 4994 sunt,
2667 4936 2792 4983 uon
2841 4916 3165 5003 ignorant,
3222 4916 3417 4996 illam,
3464 4939 3657 5008 quam
3707 4921 3992 5002 dicimuS,

578 5035 1193 5128 concupiscentiam,
1241 5031 1427 5097 huius
1472 5032 1563 5098 rei
1611 5051 1756 5098 esse
1805 5050 2084 5099 causam.
2147 5029 2313 5110 Quid
2362 5030 2768 5122 Aeschylus?
2815 5031 2873 5098 ls
2919 5029 3003 5097 de
3034 5030 3326 5099 Alastore
3358 5032 3640 5122 quodam
3673 5038 3992 5126 cogitavit,
