4917 5950
2567 279 2647 346 t6

913 496 1020 584 qui
1067 494 1150 561 de
1199 493 1429 561 eadem
1476 493 1675 580 stirpe
1722 492 2012 559 homines
2056 491 2137 558 ad
2188 513 2418 559 novam
2465 514 2728 580 semper
2775 493 3027 580 culpam
3076 490 3500 579 compelleret
3543 504 3737 579 atque
3776 485 4124 579 pelliceret.
4186 492 4302 558 Hic

884 622 1125 695 ⁴autem
1182 608 1459 685 Alastor,
1517 617 1588 673 ut
1633 607 1834 675 verbo
1899 608 2162 695 proprio
2219 607 2573 683 declarem,
2638 629 2762 673 non
2827 620 2926 674 est
2982 607 3165 683 alius,
3229 607 3341 673 nisi
3401 606 3483 683 is,
3545 610 3652 693 qui
3710 629 3833 674 non
3894 605 4304 673 obliviscitur.

914 725 1201 813 Cumque
1263 724 1401 790 eius
1460 722 1719 809 propria
1781 734 2003 787 natura
2050 722 2112 786 in
2158 742 2238 788 eo
2287 734 2612 796 cernatur,
2674 721 2847 810 quod
2915 743 3038 788 non
3102 721 3494 788 obliviscitur
3554 719 3847 796 efficere,
3912 734 3980 785 ut
4024 720 4195 787 bona
4243 721 4303 786 in

913 840 1170 907 homine
1220 851 1439 904 natura
1488 837 1946 923 comprimatur
1992 847 2057 901 et
2103 856 2299 922 prava
2351 836 2665 923 peccandi
2712 837 3004 903 voluntas
3049 847 3372 923 exsurgat,
3423 857 3577 902 vere
3625 835 3772 901 nihil
3821 848 3917 902 est
3942 834 4142 912 aliud,
4190 835 4306 900 nisi

913 967 978 1021 et
1023 955 1255 1041 cuique
1304 952 1538 1019 homini
1590 961 1655 1018 et
1697 951 1808 1016 toti
1855 950 2038 1016 alicui
2086 952 2262 1037 stirpi
2310 950 2631 1017 inhaerens
2679 950 2878 1017 malus
2926 951 3027 1016 ille
3075 952 3328 1038 genius,
3390 952 3495 1038 qui
3546 972 3672 1016 non
3721 963 3961 1037 potest,
4022 949 4173 1039 quin
4220 948 4303 1015 ad

910 1091 1075 1136 nova
1124 1059 1386 1153 semper
1430 1064 1592 1131 mala
1643 1064 1950 1152 patranda
2001 1065 2312 1142 facinora,
2361 1066 2568 1153 primo
2614 1063 2849 1153 flagitio
2895 1064 3115 1132 similia
3163 1065 3515 1150 protrudat.
3575 1067 3757 1132 Hunc
3797 1065 4160 1131 daemonem
4197 1064 4304 1151 qui

913 1207 1039 1250 non
1098 1193 1463 1270 oppugnat,
1521 1201 1715 1268 quum
1781 1201 1899 1265 pro
1945 1178 2149 1244 libero
2209 1202 2325 1245 suo
2387 1181 2651 1247 arbitrio
2714 1181 2936 1267 possit,
3003 1200 3115 1246 sua
3179 1181 3374 1267 ipsius
3432 1179 3619 1266 culpa
3682 1192 4035 1267 occupatus
4099 1192 4196 1245 est
4241 1190 4308 1245 et

914 1319 1144 1387 poenas
1189 1296 1300 1363 det
1346 1315 1614 1361 necesse
1663 1305 1785 1368 est,
1848 1293 1959 1359 nisi
2008 1293 2177 1359 forte
2218 1294 2379 1360 deus
2426 1293 2685 1382 qnidam
2737 1293 2966 1361 vindex
3015 1295 3278 1380 periculi
3324 1316 3396 1360 se
3445 1294 3914 1381 interposuerit.
4006 1296 4073 1359 In
4122 1294 4306 1360 Pelo-

916 1414 1208 1502 pidarum
1256 1423 1447 1499 gente
1496 1408 1698 1497 qualis
1745 1409 1990 1474 Alastor
2037 1407 2137 1473 ille
2184 1422 2521 1496 appareat,
2573 1429 2737 1475 nunc
2785 1408 3131 1475 videamus,

1090 1525 1351 1611 Pelops,
1397 1523 1663 1596 Tantali.
1717 1521 2010 1614 Phrygiae
2058 1524 2250 1611 regiS,
2298 1522 2485 1599 fitius,
2532 1523 2876 1596 Oenomai,
2922 1524 3082 1590 Pisae
3131 1525 3324 1610 regis,
3374 1524 3586 1599 filiam,
3638 1525 3737 1594 cui
3787 1545 4018 1590 nomen
4066 1525 4305 1612 Hippo-

915 1643 1147 1709 damiae
1193 1652 1361 1714 erat,
1423 1641 1485 1703 in
1533 1639 1993 1706 matrimonium
2042 1637 2159 1702 sibi
2210 1637 2494 1725 petebat.
2583 1639 2791 1718 Quum
2843 1659 2998 1703 vero
3046 1638 3418 1706 Oenomaus
3473 1639 3555 1704 illi
3601 1651 3842 1703 tantum
3903 1639 4090 1705 filiam
4149 1661 4308 1706 uxo-

916 1781 1050 1826 rem
1098 1755 1256 1823 dare
1305 1753 1528 1828 vellet,
1575 1754 1682 1840 qui
1728 1774 1800 1818 se
1848 1772 2036 1818 cursu
2087 1755 2366 1840 equestri
2414 1767 2816 1841 superasset,
2875 1751 3110 1838 Pelops
3151 1753 3470 1844 Myrtilum
3533 1756 3815 1842 aurigam
3883 1755 4090 1840 pretio
4139 1776 4308 1822 mer-

915 1887 1096 1943 catus
1141 1890 1334 1958 quum
1383 1868 1465 1933 ab
1516 1868 1853 1933 Oenomao
1913 1869 2077 1933 victo
2135 1868 2467 1953 praemium
2531 1867 2822 1934 victoriae
2868 1866 3355 1954 Hippodamiam
3418 1868 3804 1954 accepisset,
3870 1881 4201 1936 revertens
4244 1871 4307 1936 in

916 1987 1288 2079 Phrygiam,
1337 2005 1444 2058 ne,
1495 2003 1624 2069 quo
1671 1979 1821 2047 dolo
1872 1982 2152 2056 vicisset,
2201 1981 2612 2068 proderetur,
2663 1984 2906 2071 ingrato
2953 1983 3164 2048 animo
3212 1985 3496 2072 aurigam
3546 1984 3604 2048 in
3655 2004 3831 2050 mare
3868 1986 4309 2072 praecipitavit.

916 2107 1059 2186 Quo
1108 2102 1276 2167 facto
1324 2096 1609 2187 Myrtilus
1656 2094 2072 2162 moribundus
2119 2094 2423 2182 Pelopem
2475 2098 2741 2184 eiusque
2797 2099 3059 2185 stirpem
3122 2110 3494 2164 exsecratus
3540 2111 3654 2164 est.
3744 2098 3998 2186 Pelopis
4046 2113 4110 2166 et
4158 2102 4309 2189 Hip-

918 2216 1234 2309 podamiae
1297 2211 1429 2288 tilii,
1488 2215 1715 2276 Atreus
1775 2222 1838 2276 et
1887 2209 2233 2300 ThyesteS,
2297 2224 2634 2299 postquam
2684 2212 3146 2303 Chrysippum,
3211 2214 3468 2279 fratrem
3531 2235 3937 2301 germanum,
3998 2237 4035 2281 e
4096 2214 4309 2282 medio

911 2332 1326 2403 sustulerunt,
1395 2324 1510 2412 ipsi
1574 2336 1796 2411 postea
1860 2322 1943 2390 de
2007 2345 2207 2413 regno
2267 2337 2533 2392 certant.
2623 2326 2966 2417 ThyesteS,
3040 2339 3106 2393 ut
3168 2350 3204 2393 e
3250 2350 3449 2418 grege
3497 2331 3666 2395 Atrei
3729 2349 3994 2395 aureum
4057 2349 4310 2419 agnum,

916 2448 1097 2516 cuius
1160 2466 1235 2510 ex
1301 2441 1706 2528 possessione
1764 2440 2074 2528 Argorum
2143 2452 2208 2505 et
2267 2441 2682 2530 Mycenarum
2742 2463 3008 2530 regnum
3069 2442 3424 2530 pendebat,
3487 2444 3794 2519 auferret,
3861 2466 3989 2532 quo
4051 2445 4310 2524 faciliuS,

919 2560 1092 2652 quod
1160 2557 1375 2632 vellet,
1446 2566 1987 2642 consequeretur,
2046 2559 2398 2641 Aeropum,
2471 2556 2679 2622 fratris
2740 2578 3037 2634 uxorem,
3115 2559 3402 2644 corrupit
3461 2559 3652 2644 eique
3713 2570 4002 2646 stuprum
4067 2560 4311 2627 obtulit.

920 2681 1127 2759 Quam
1193 2671 1278 2739 ob
1341 2692 1477 2736 rem
1526 2669 1585 2733 in
1636 2667 1920 2734 exsilium
1983 2669 2209 2735 missus
2264 2691 2458 2756 quum
2527 2693 2654 2737 non
2715 2671 2910 2737 multo
2974 2684 3118 2759 post
3177 2672 3450 2759 supplex
3513 2672 3596 2737 ad
3652 2692 3828 2737 aram
3889 2673 4310 2742 domesticam

918 2789 1336 2878 confugisset,
1385 2791 1642 2857 Atreus,
1691 2782 2007 2848 infamiam
2056 2803 2090 2847 a
2140 2783 2334 2850 fratre
2379 2783 2610 2850 illatam
2658 2786 2936 2863 ulturuS,
2981 2786 3340 2874 supplicem
3390 2787 3471 2852 ad
3521 2807 3773 2852 coenam
3823 2790 4075 2855 vocavit
4120 2790 4311 2876 eique

916 2908 1187 2974 filiorum
1236 2903 1373 2968 eius
1419 2897 1838 2989 iugulatorum
1888 2917 2117 2964 carnes
2164 2899 2602 2966 comedendas
2650 2903 2999 2989 proposuit.
3074 2903 3213 2981 Qua
3266 2924 3334 2968 re
3383 2913 3715 2989 comperta
3762 2902 4079 2994 Thyestes
4112 2916 4309 2971 totam

916 3022 1173 3108 Pelopis
1220 3016 1593 3105 progeniem
1646 3025 2017 3080 exsecratus
2062 3006 2175 3079 est.
2270 3016 2423 3082 Huic
2472 3029 2734 3103 postero
2766 3028 3063 3104 tempore
3098 3017 3255 3083 alius
3287 3018 3477 3083 etiam
3513 3016 3673 3082 filius
3705 3018 4009 3094 nascitur,
4055 3021 4311 3089 nomine

917 3135 1273 3227 Aegisthus.
1362 3129 1490 3197 Sed
1542 3130 1728 3195 etiam
1777 3128 1909 3205 hie,
1960 3142 2026 3193 ut
2070 3130 2209 3216 ipse
2259 3143 2498 3206 narrat,
2546 3131 2629 3196 ab
2663 3134 3168 3220 Agamemnone,
3216 3132 3386 3198 Atrei
3434 3130 3591 3207 filio,
3642 3134 3700 3196 in
3747 3132 4000 3198 exilium
4036 3136 4311 3203 mittitur.

918 3253 1135 3328 Vides,
1198 3244 1651 3333 Pelopidarum
1712 3245 1915 3332 gentis
1974 3244 2129 3309 socii
2192 3265 2320 3331 quo
2376 3245 2665 3312 Alastore
2727 3246 2851 3312 hnc
2909 3267 3111 3333 usque
3172 3247 3295 3312 sint
3355 3246 3593 3312 imbuti.
3689 3248 4004 3313 Fraudant
4063 3263 4313 3326 necant,

918 3366 1114 3435 veluti
1160 3363 1426 3448 Pelops;
1477 3370 1896 3445 corrumpunt
1943 3357 2377 3426 moechantur.
2438 3359 2609 3425 velut
2653 3359 2998 3450 Thyestes;
3061 3359 3447 3427 ulciscuntur
3495 3359 3801 3449 foedeque
3849 3362 4153 3450 iugulant,
4204 3386 4315 3431 ve-

918 3484 1027 3550 luti
1076 3487 1332 3557 Atreus;
1380 3476 1440 3540 in
1490 3472 1773 3540 exsilium
1825 3472 2105 3546 eiiciunt,
2149 3472 2325 3538 velut
2371 3479 2823 3562 Agamemnon.
2897 3475 3132 3560 Pelops
3179 3454 3339 3562 quas
3385 3475 3595 3561 culpae
3644 3496 3874 3563 poenas
3912 3478 4318 3564 pependerit,

919 3599 1103 3675 latet;
1152 3592 1470 3682 Thyestes
1515 3608 1665 3654 suas
1712 3600 1777 3652 et
1824 3587 2042 3653 exsilio
2093 3599 2157 3652 et
2202 3586 2353 3652 diris
2400 3587 2677 3675 dapibus
2725 3590 2863 3675 ipse
2910 3590 3112 3655 solvit.
3174 3589 3329 3655 lnde
3378 3589 3765 3678 intelligitur,
3814 3612 3929 3658 cur
3960 3592 4316 3684 Aeschylus

918 3707 1302 3798 πρώταρχον
1346 3705 1512 3771 illam
1558 3695 1723 3787 ἄτην
1768 3724 1896 3767 non
1943 3701 2021 3766 ad
2072 3699 2326 3788 Pelopis
2373 3723 2586 3790 neque
2633 3701 2715 3768 ad
2749 3703 3050 3794 Thyestae
3097 3701 3429 3791 flagitium,
3476 3703 3590 3770 sed
3641 3704 3722 3769 ad
3756 3707 3925 3771 Atrei
3960 3706 4313 3775 soeditatem

922 3826 1316 3916 potissimum
1381 3818 1685 3886 retulerit.
1785 3817 1940 3881 Nam
2002 3818 2138 3882 eius
2198 3818 2436 3882 crimen
2502 3818 2781 3884 nondum
2847 3832 2986 3883 erat
3044 3819 3388 3905 expiatum.
3489 3818 3684 3884 Huius
3742 3820 3996 3907 culpam
4053 3824 4318 3910 suscipit

917 3950 1356 4032 Agamemnon
1401 3947 1465 4001 et
1511 3945 1579 3998 ut
1622 3929 1785 3997 filius
1831 3951 1949 4018 pro
2000 3930 2196 4017 patris
2241 3930 2478 3998 delicto
2527 3953 2757 4019 poenas
2814 3932 3157 4018 persolvet.
3247 3934 3378 3999 Nec
3442 3945 3653 3999 tamen
3713 3947 3927 4021 potest
3980 3938 4316 4027 quisquam

917 4057 1132 4128 luere,
1181 4051 1287 4138 qui
1336 4048 1562 4115 nullius
1607 4045 1816 4132 culpae
1875 4045 2013 4132 ipse
2071 4066 2220 4111 reus
2266 4057 2380 4112 est.
2477 4048 2767 4131 «Μίμνει
2822 4041 2975 4132 γὰρ,
3036 4048 3377 4131 μίμνοντος
3437 4046 3510 4113 ἐν
3566 4044 3789 4137 θρόνῳ
3836 4047 4022 4131 Διός,
4084 4059 4323 4120 παθεῖν

917 4165 1035 4238 τὸν
1080 4167 1415 4253 ἔρξαντα.»
1470 4163 1582 4229 cfr.
1629 4168 1843 4250 Agam.
1892 4181 1947 4226 v.
1999 4159 2195 4236 ⁴553,
2247 4160 2445 4242 wan
2497 4160 2772 4250 choepb.
2821 4184 2877 4227 v.
2923 4160 3039 4227 31⁴
3095 4184 3191 4250 sq.
3237 4200 3324 4210 —
3369 4166 3803 4251 Agamemnon
3837 4165 4098 4252 quidem
4131 4170 4318 4256 Aegi-

919 4286 1164 4361 sthum,
1214 4281 1319 4369 qui
1366 4277 1540 4344 solus
1588 4276 1750 4363 patri
1795 4286 2162 4361 supererat,
2221 4274 2441 4340 exsilio
2489 4275 2798 4350 multavit,
2859 4275 2975 4341 sed
3026 4275 3169 4342 baec
3216 4275 3406 4364 culpa
3453 4276 3537 4342 ad
3587 4276 3838 4343 caedem
3900 4279 4059 4347 illius
4119 4304 4319 4350 excu-

919 4399 1187 4469 sandam
1250 4416 1379 4460 non
1437 4388 1686 4458 sufficit.
1775 4387 2055 4455 Postulat
2116 4389 2280 4454 enim
2344 4408 2449 4456 ars
2508 4390 2800 4478 tragica,
2846 4403 2915 4455 ut
2970 4391 3133 4456 inter
3195 4390 3449 4478 culpam
3508 4390 3775 4479 eiusque
3835 4414 4093 4479 poenam
4156 4398 4317 4465 iusta

921 4513 1222 4604 quaedam
1285 4505 1646 4574 intercedat
1705 4504 1884 4569 rati0.
1975 4504 2181 4582 Quam
2232 4504 2415 4592 igitur
2471 4526 2602 4593 quo
2651 4503 2937 4571 Alastore
3000 4504 3364 4592 pelliciente
3426 4506 3679 4593 culpam
3730 4508 3787 4572 in
3833 4530 3906 4574 se
3955 4513 4319 4599 congessit?

921 4628 1201 4695 Vidimus
1247 4646 1392 4692 eum
1439 4620 1811 4709 flagrantem
1875 4616 2218 4684 ulciscendi
2268 4631 2333 4684 et
2377 4617 2598 4707 gloriae
2659 4619 3038 4705 cupiditate,
3102 4620 3408 4708 insignem
3471 4621 3848 4688 crudelitate
3903 4621 4073 4689 haud
4135 4640 4319 4694 natu-

920 4743 1064 4820 rali,
1126 4740 1505 4807 nutrientem
1553 4732 1978 4825 Chryseidam
2040 4752 2315 4799 amores,
2404 4733 2511 4800 His
2558 4734 2723 4821 genii
2769 4734 2864 4800 sui
2908 4733 3173 4800 stimulis
3217 4728 3799 4823 irritationibusque
3846 4757 3970 4802 non
4018 4742 4320 4810 resistens

925 4868 1195 4948 propter
1252 4850 1574 4919 infidelem
1641 4849 2145 4936 dissolutamque
2207 4847 2538 4915 mulierem
2593 4849 2845 4914 stultam
2907 4863 3128 4914 contra
3190 4849 3439 4913 Troiam
3500 4849 3977 4938 expeditionem
4039 4857 4319 4944 suscipit,

924 4993 1053 5064 qua
1111 4983 1181 5037 ut
1226 4967 1595 5041 absisteret,
1658 4962 1963 5052 prodigiis
2024 4975 2307 5052 nutuque
2365 4961 2640 5030 deorum
2693 4950 2845 5029 satis
2901 4983 3230 5050 superque
3291 4962 3565 5029 monitus
3628 4977 3786 5031 erat.
3874 4965 4210 5036 Multorum
4259 4973 4321 5038 in
