4917 5950
2641 294 2720 358 lO

980 531 1122 576 esse
1171 509 1554 586 fortunatas;
1617 519 1681 571 at
1728 507 1989 592 impium
2038 504 2363 593 quoddam
2414 505 2654 571 facinus
2703 505 2882 591 plura
2931 504 3242 591 deinceps
3302 525 3533 591 parere
3597 505 3758 571 mala
3826 507 4107 573 facinora
4173 508 4385 595 primo

979 623 1216 689 similia.
1264 659 1349 670 —

1156 738 1308 801 Haec
1372 735 1686 801 sententia
1754 755 1897 800 cum
1963 732 2160 798 altera
2212 734 2350 810 illa,
2402 754 2592 821 quam
2642 731 2799 805 dixi,
2861 732 3072 797 scelus
3117 732 3318 798 semel
3368 746 3683 820 patratum
3749 756 3872 799 non
3935 735 4197 799 inultum
4252 757 4388 801 ma-

980 872 1133 916 nere
1198 871 1412 937 neque
1478 848 1604 914 ullo
1652 847 1904 934 piaculo
1965 868 2155 934 posse
2222 848 2491 932 placari,
2556 869 2750 934 quum
2815 848 3016 933 prima
3068 847 3344 911 omnium
3409 849 3589 935 quasi
3660 848 3954 913 familiam
4015 864 4386 918 ceterarum

978 964 1176 1041 ducit,
1227 976 1356 1028 tum
1407 984 1563 1028 vero
1606 962 1919 1037 declarat,
1969 982 2158 1049 quam
2210 983 2334 1027 non
2382 961 2680 1048 ambigue
2730 968 2920 1048 po'eta
2971 975 3191 1028 contra
3241 962 3590 1050 vulgarium
3625 964 3991 1049 opinionem
4026 964 4224 1040 dicat,
4275 968 4386 1054 qui

978 1077 1276 1146 felicitate
1341 1077 1735 1158 necessario*
1771 1077 2086 1141 miseriam
2148 1077 2284 1162 pari
2333 1089 2397 1140 et
2443 1076 2605 1141 deos
2667 1076 2997 1141 fortunatis
3059 1075 3418 1142 hominibus
3479 1076 3763 1143 invidere
3830 1083 4190 1164 opinentur.
4289 1085 4382 1149 De

976 1192 1276 1284 Aeschyli
1324 1194 1637 1258 sententia
1686 1190 1956 1257 deorum
2022 1190 2252 1255 invidia
2301 1211 2563 1276 prorsus
2611 1189 2778 1255 nulla
2828 1202 2940 1254 est.
3033 1191 3153 1268 Qui
3201 1191 3250 1255 si
3299 1189 3594 1256 dicuntur
3656 1192 3970 1269 invidere,
4038 1217 4163 1261 non
4227 1197 4388 1261 invi·
4481 1271 4492 1276 ,

979 1283 1161 1384 dent,
1209 1306 1324 1372 sed
1375 1328 1499 1372 uon
1549 1307 1892 1392 patiuntur,
1942 1326 2330 1392 quemquam
2382 1304 2539 1369 ultra
2590 1303 2848 1369 modum
2899 1304 3241 1369 humanum
3292 1304 3531 1392 egredi.
3581 1344 3663 1353 —

1158 1424 1283 1486 lam
1331 1426 1767 1508 Agamemnon
1816 1419 2271 1492 Cassandram,
2336 1420 2560 1483 Priami
2610 1419 2776 1506 regis
2837 1417 3023 1482 filiam
3083 1439 3302 1483 secum
3366 1409 3613 1485 ducens
3672 1422 3988 1508 captivam
4038 1425 4095 1488 in
4145 1424 4382 1492 orche-

978 1547 1172 1602 stram
1224 1535 1595 1621 provehitur
1645 1548 1708 1600 et
1753 1555 1790 1598 a
1840 1532 2040 1599 choro
2090 1535 2250 1599 iusto
2301 1533 2495 1598 modo
2541 1532 2866 1599 salutatur.
2958 1534 3110 1596 Tum
3171 1554 3325 1599 vero
3372 1533 3765 1624 coryphaeus
3810 1558 3880 1601 se
3931 1539 4063 1626 regi
4112 1541 4378 1628 gloriam

982 1671 1194 1738 neque
1245 1650 1528 1715 invidere
1576 1670 1788 1737 neque
1852 1668 1996 1714 eam
2060 1647 2323 1713 laudare
2385 1669 2595 1734 neque
2660 1669 2882 1713 eorum
2948 1646 3227 1733 probare
3290 1647 3817 1715 consuetudinem
3882 1653 4076 1730 velle,
4139 1656 4245 1744 qui
4297 1678 4378 1721 ne

981 1777 1151 1831 tacto
1199 1763 1456 1851 quidem
1506 1765 1715 1828 animo
1764 1784 1905 1828 cum
1958 1761 2313 1828 infelicibus
2360 1784 2623 1846 gemere
2673 1774 2736 1826 et
2782 1782 2925 1827 cum
2977 1761 3134 1826 laetis
3180 1762 3362 1826 simul
3411 1762 3609 1827 laetari
3656 1764 3936 1840 soleant,
3986 1767 4191 1835 libere
4226 1792 4380 1857 pro*

981 1878 1209 1946 fitetur.
1301 1881 1386 1943 Ex
1438 1877 1670 1966 quibus
1719 1876 1931 1943 verbis
1980 1876 2218 1950 elucet,
2270 1899 2413 1942 eum
2466 1880 2546 1941 ita
2594 1877 2805 1940 animo
2856 1897 2998 1940 esse
3048 1875 3378 1950 affectum,
3444 1889 3509 1940 ut
3558 1882 4047 1965 Agamemnonis
4110 1885 4380 1969 expedi·

978 1995 1213 2060 tionem
1264 2013 1429 2057 nunc
1478 1992 1737 2079 quidem
1790 2012 1911 2060 nec
1960 1990 2240 2077 probare
2289 2012 2409 2056 ncc
2462 1992 2825 2077 vituperare
2871 1990 3054 2067 velit,
3117 1989 3626 2080 Clytaemnestrae
3686 2014 3844 2059 vero
3893 1993 4101 2061 fictam
4154 1998 4380 2065 huma-

976 2111 1234 2174 nitatem
1287 2107 1434 2195 quiu
1484 2105 1709 2172 leniter
1758 2107 2164 2194 perstringat,
2222 2118 2443 2171 tenere
2492 2128 2563 2171 se
2614 2128 2735 2171 non
2787 2108 3001 2190 possit.
3048 2128 3100 2170 v.
3149 2104 3516 2170 778-800.
3564 2144 3646 2153 —

1155 2231 1587 2310 Agamemnon
1651 2221 1885 2286 deinde
1934 2222 2212 2292 omnium
2264 2221 2532 2305 primum
2584 2221 2675 2284 fas
2723 2241 2865 2286 esse
2913 2219 3097 2292 dicit,
3159 2225 3358 2308 Argos
3418 2220 3710 2307 deosque
3774 2227 4014 2310 patrios
4073 2228 4373 2305 salutare,

977 2339 1210 2429 quibus
1274 2334 1630 2403 volentibus
1687 2347 1751 2401 et
1814 2334 2256 2400 auxiliantibus
2304 2346 2369 2400 et
2416 2353 2673 2420 poenam
2737 2333 2820 2400 de
2869 2335 3093 2399 Priami
3160 2333 3319 2399 urbe
3383 2335 3670 2422 exegerit
3717 2351 3782 2402 et
3833 2338 4047 2406 salvus
4112 2341 4374 2409 domum

976 2454 1257 2522 redierit.
1349 2450 1595 2518 Gratias
1643 2451 1827 2539 igitur
1872 2449 2001 2538 agit
2046 2450 2163 2514 diis
2211 2449 2611 2536 pioque‘eos
2657 2449 2868 2515 animo
2915 2448 3081 2515 colit.
3129 2472 3182 2514 v.
3230 2451 3597 2515 sos—850.

1155 2570 1403 2633 interea
1464 2565 1952 2656 Clytaemnestra
2017 2565 2072 2628 in
2135 2583 2393 2629 scenam
2459 2584 2800 2650 progressa
2863 2575 3001 2629 atro
3059 2584 3213 2629 sane
3276 2565 3485 2629 animo
3549 2565 3763 2631 verbis
3837 2590 4030 2654 supra
4111 2571 4373 2638 modum

978 2682 1225 2750 blandis
1285 2702 1600 2747 summum
1663 2680 1867 2743 mariti
1925 2677 2206 2745 absentis
2268 2678 2658 2744 desiderium
2721 2686 3165 2766 summamque
3224 2690 3492 2765 propter
3553 2682 3688 2746 eius
3753 2682 4023 2748 reditum
4092 2684 4374 2752 laetitiam

974 2783 1241 2866 simulat.
1335 2796 1662 2870 Orestem,
1712 2793 2058 2881 coniugalis
2104 2791 2249 2859 fidei
2301 2795 2560 2881 pignus,
2606 2815 2676 2859 se
2726 2792 3028 2880 Strophio
3079 2792 3387 2859 Phocensi
3436 2795 3494 2858 in
3546 2795 3804 2861 tutelam
3837 2798 4174 2866 tradidisse
4208 2802 4375 2880 dicit,

977 2928 1074 2987 ut,
1121 2916 1171 2979 si
1222 2923 1406 2999 pater
1455 2912 1512 2973 iu
1563 2907 1733 2974 bello
1783 2907 2112 2975 occideret
2159 2921 2223 2973 et
2270 2908 2497 2973 civium
2551 2906 2780 2974 exinde
2829 2910 3257 2974 concitaretur
3297 2908 3557 2981 seditio,
3621 2909 3780 2978 filius
3827 2934 3906 2979 ne
3955 2913 4015 2979 in
4064 2916 4210 2981 vitae
4258 2939 4376 3005 pe—

976 3028 1174 3097 riculo
1220 3037 1605 3093 versaretur.
1696 3025 2041 3113 Postquam
2090 3024 2345 3089 tandem
2397 3022 2609 3090 fictum
2660 3044 2812 3112 erga
2863 3044 3080 3110 regem
3129 3045 3414 3089 amorem
3463 3026 3927 3114 caritatemque
3979 3028 4064 3094 ad
4112 3030 4370 3097 taedium

975 3165 1178 3232 usque
1237 3140 1580 3209 cumulavit
1623 3160 2035 3227 summasque
2086 3141 2143 3203 in
2192 3139 2360 3203 illum
2424 3139 2648 3204 laudes
2697 3150 2760 3205 et
2809 3138 3143 3204 blanditias
3208 3140 3510 3213 coniecit,
3573 3161 3796 3206 servas
3855 3140 4031 3209 iubet
4090 3145 4374 3213 vestibus

973 3257 1265 3348 stragulis
1313 3258 1474 3320 viam
1537 3265 1829 3321 sternere
1880 3266 1943 3322 et
1991 3255 2280 3320 maritum
2344 3266 2560 3341 rogat,
2624 3265 2690 3319 ut
2736 3252 2943 3320 calcet
2990 3275 3102 3320 eas
3149 3252 3424 3342 pedibus
3472 3267 3536 3319 et
3585 3256 3641 3319 in
3692 3256 3900 3343 regias
3961 3257 4163 3326 aedes
4224 3282 4371 3328 sese

975 3376 1282 3442 conferat.
1373 3373 1805 3458 Agamemnon
1866 3390 2020 3436 vero
2081 3382 2287 3434 tantos
2346 3369 2658 3443 honores,
2721 3369 3054 3436 mortalem
3105 3392 3227 3435 non
3278 3368 3616 3442 decentes.
3682 3370 3800 3435 diis
3847 3372 4063 3438 tribuit
4111 3388 4174 3439 et
4220 3374 4374 3441 sub-

896 3573 908 3581 ,
975 3493 1164 3556 misso
1212 3487 1423 3553 animo
1470 3495 1684 3573 rogat,
1746 3506 1826 3549 ne
1875 3484 2028 3573 quid
2077 3483 2478 3557 admittatur,
2541 3504 2670 3570 quo
2720 3484 2988 3549 deorum
3037 3484 3492 3572 hominumque
3542 3484 3770 3550 invidia
3832 3488 4093 3553 excitari
4157 3492 4375 3576 possit.

973 3608 1104 3671 Nec
1153 3617 1363 3668 tamen
1414 3600 1693 3688 urgentis
1741 3599 1954 3665 uxoris
2002 3598 2305 3685 precibus
2353 3620 2614 3685 prorsus
2661 3601 2960 3665 resistere
3011 3611 3239 3685 potest.
3333 3601 3552 3686 ltaque
3620 3600 3948 3676 concedit,
4013 3616 4080 3667 ut
4136 3606 4372 3672 calceis

969 3744 1004 3786 a
1057 3717 1330 3807 pedibus
1376 3714 1595 3781 solutis
1644 3714 1699 3778 in
1753 3735 2037 3801 purpure
2084 3712 2343 3779 incedet
2390 3712 2976 3803 Clytaemnestram,
3023 3715 3201 3780 cuius
3249 3734 3422 3780 curae
3471 3713 3892 3782 Cassandram
3943 3719 4373 3797 commendat,

970 3837 1377 3904 comitantem
1426 3830 1485 3894 in
1536 3828 1836 3917 palatium
1885 3829 2313 3916 consequitur.
2364 3850 2418 3893 v.
2468 3829 2838 3894 850—968.
2882 3865 2969 3875 —

1149 3953 1386 4015 Domus
1435 3945 1608 4033 regia
1656 3946 1714 4008 in
1762 3943 2010 4033 fastigio
2059 3943 2369 4009 felicitatis
2417 3954 2531 4008 est.
2626 3942 2826 4009 Nihilo
2891 3944 3093 4008 minus
3156 3943 3392 4010 chorus
3438 3945 3658 4009 anxius
3707 3957 3803 4010 est.
3852 3960 4042 4013 metu.
4136 3949 4262 4013 lam
4312 3950 4371 4015 ei

966 4070 1024 4134 in
1076 4077 1351 4132 mentem
1402 4060 1572 4126 venit
1619 4057 1977 4125 Calchantis
2024 4058 2351 4124 oraculum
2400 4078 2595 4143 supra
2644 4071 3236 4125 commemoratum.
3318 4065 3858 4145 Agamemnonem
3909 4059 4061 4127 dicit
4106 4063 4373 4129 rediisse

966 4183 1225 4272 quidem
1292 4174 1699 4251 incolumem,
1776 4173 1892 4240 sed
1956 4172 2201 4239 sanitati
2265 4173 2535 4238 vicinum
2600 4194 2743 4239 esse
2821 4172 3115 4238 morbum
3166 4184 3231 4239 et
3290 4193 3469 4260 saepe
3533 4171 3803 4240 hominis
3861 4175 4223 4242 felicitatem
4288 4176 4370 4243 ad

964 4295 1252 4366 occultos
1300 4292 1539 4359 allisam
1586 4289 1892 4377 scopulos
1938 4288 2159 4375 frangi.
2248 4287 2311 4352 Si
2359 4288 2612 4376 sanguis
2660 4287 2975 4355 humanus
3020 4287 3221 4354 semel
3272 4288 3570 4375 profusus
3616 4290 3726 4366 sit,
3774 4292 4066 4356 revocari
4106 4312 4251 4357 eum
4287 4291 4368 4358 ad

962 4415 1150 4479 vitam
1204 4409 1372 4475 nullo
1423 4408 1615 4473 modo
1666 4424 1876 4492 posse.
1926 4424 1982 4468 ν.
2028 4401 2445 4467 970—1026.
2493 4401 2500 4407 '

1138 4526 1629 4617 Clytaemnestra
1676 4542 1713 4586 e
1764 4517 1998 4607 palatio
2048 4518 2106 4582 in
2154 4536 2417 4584 scenam
2466 4517 2630 4584 redit
2677 4530 2742 4585 et
2789 4517 3211 4585 Cassandram
3263 4515 3440 4582 iubet
3487 4516 3572 4583 de
3621 4536 3812 4584 curru
3861 4518 4269 4587 descendere
4308 4533 4374 4588 et

961 4644 1020 4707 in
1069 4642 1248 4707 aedes
1295 4638 1569 4704 introire.
1661 4639 1738 4700 At
1785 4633 1928 4699 haec
1976 4633 2162 4698 tacita
2212 4632 2270 4697 in
2321 4652 2510 4698 curru
2563 4646 2867 4701 remanet.
2959 4633 3174 4712 Quare
3223 4631 3712 4723 Clytaemnestra
3775 4634 4048 4700 insanire
4113 4654 4257 4701 eam
4308 4647 4373 4703 et

960 4757 1127 4822 malo
1175 4753 1592 4841 superboque
1641 4752 1853 4818 animo
1901 4747 2349 4815 inservientem
2398 4736 2524 4811 non
2574 4748 2749 4832 prius
2794 4746 2878 4813 ad
2926 4748 3107 4815 frena
3154 4745 3421 4814 ferenda
3469 4746 3769 4813 adactum
3819 4748 3925 4825 iri,
3982 4768 4177 4837 quam
4223 4769 4370 4816 san—

957 4873 1144 4959 guine
1196 4869 1496 4934 ferociam
1550 4864 1889 4953 perluerit,
1938 4884 2059 4951 per
2107 4860 2446 4928 ludibrium
2495 4863 2704 4928 locuta
2753 4861 2815 4926 in
2863 4863 3162 4949 palatium
3215 4862 3593 4952 regreditur.
3645 4885 3698 4928 V.
3751 4863 4208 4930 tow-loco.

1294 5008 1307 5037 t
