4917 5950
2539 317 2581 381 6

854 528 1087 595 buatur
1131 525 1550 614 inexpiabilis.
1641 526 1796 592 lude
1842 526 1903 592 in
1951 525 2185 593 familia
2227 525 2581 604 scelerata,
2629 548 2777 616 quae
2823 527 3018 594 multa
3066 529 3312 598 nefarie
3357 530 3539 607 fecit,
3586 551 3773 598 noxae
3821 532 4116 600 videntur
4149 533 4266 601 be-

854 642 1177 710 reditariae
1222 662 1370 709 esse
1418 653 1485 708 et
1528 640 1651 707 alia
1695 640 1883 707 aliam
1933 642 2319 730 progignere
2366 640 2644 728 culpam.
2726 642 2890 722 Quae
2935 642 3198 731 quidem
3245 644 3635 711 continuatio
3680 645 4018 734 seriesque
4064 668 4264 715 noxa-

854 780 993 825 rum
1041 756 1321 845 indeque
1384 756 1721 823 orientium
1785 756 2244 832 calamitatum,
2309 777 2509 844 quum
2567 769 2976 833 cerneretur,
3039 757 3211 844 apud
3261 758 3528 825 Graecos
3583 778 3667 827 eo
3715 758 4004 836 valebat,
4067 774 4135 826 ut
4179 760 4264 828 de

849 872 1141 940 Alastore
1186 870 1471 960 quodam
1518 871 1905 959 cogitarent,
1952 872 2060 957 qui
2108 869 2193 937 de
2239 870 2471 937 eadem
2519 870 2722 958 stirpe
2769 868 3063 938 homines
3107 869 3190 937 ad
3239 891 3470 938 novam
3501 893 3766 961 semper
3797 872 4053 961 culpam
4085 894 4266 943 com·

852 985 1130 1075 pelleret
1173 997 1369 1075 atque
1419 984 1770 1072 pelliceret.
1860 985 1920 1051 Is
1964 999 2179 1051 autem
2224 983 2477 1052 Alastor
2522 986 2787 1072 proprie
2821 1005 3110 1073 vereque
3137 983 3288 1051 nihil
3317 984 3488 1052 aliud
3517 998 3642 1064 est,
3689 987 3804 1054 uisi
3838 1008 3965 1054 una
3996 988 4264 1056 eadem-

852 1122 981 1190 que
1044 1120 1244 1188 prava
1304 1111 1557 1173 natura,
1619 1120 1766 1188 quae
1830 1120 1949 1186 per
1996 1111 2191 1166 totam
2248 1099 2527 1188 aliquam
2592 1097 2891 1164 familiam
2952 1110 3178 1186 regnat
3221 1118 3302 1166 ac
3348 1100 3537 1188 viget.
3627 1100 3843 1168 Talem
3888 1101 4263 1180 Alastorem,

852 1218 960 1305 qui
1007 1215 1208 1283 sacris
1254 1214 1608 1281 christianis
1652 1212 2095 1287 imbuti-suut,
2156 1212 2744 1301 concupiscentiam
2790 1210 2895 1278 vel
2941 1211 3144 1289 adeo,
3209 1213 3262 1278 si
3310 1212 3554 1300 placet,
3617 1208 3946 1282 diabolum
4008 1215 4263 1283 familiae

854 1344 1032 1400 recte
1097 1328 1439 1397 vocabunt.
1530 1326 1873 1407 Quomodo
1936 1340 2150 1394 autem
2198 1326 2333 1401 fiat,
2394 1340 2464 1393 ut
2510 1326 2680 1393 bona
2730 1326 2791 1392 in
2838 1325 3096 1392 bomine
3158 1339 3382 1393 natura
3445 1329 3905 1416 comprimatur
3950 1342 4016 1397 et
4061 1351 4266 1418 prava

852 1446 955 1514 illa
1004 1446 1296 1512 voluutas
1341 1442 1655 1532 peccandi
1703 1454 2029 1529 exsurgat,
2076 1442 2128 1507 si
2175 1442 2438 1529 quaeris:
2487 1440 2809 1507 stimulant
2851 1453 2964 1505 aut
3006 1461 3114 1507 res
3158 1442 3452 1519 internae,
3516 1442 3689 1509 velut
3733 1444 4015 1511 incestus
4058 1464 4262 1523 amor,

856 1559 1204 1629 ulciscendi
1250 1556 1522 1646 cupido,
1585 1555 1877 1629 ambitio,
1940 1567 2050 1621 aut
2096 1570 2411 1632 exteruae,
2476 1554 2652 1622 velut
2696 1574 2924 1643 regna,
2970 1553 3239 1631 divitiae,
3299 1554 3622 1632 honores,
3672 1568 3736 1623 et
3784 1570 4066 1624 mentem
4113 1580 4266 1646 per-

853 1676 1113 1744 turbant
1158 1687 1354 1762 atque
1402 1672 1762 1739 obcaecant.
1850 1671 2058 1736 Homo
2102 1682 2320 1736 autem
2366 1671 2417 1735 si
2466 1668 2652 1735 buius
2694 1668 3000 1736 Alastoris
3044 1668 3319 1757 impulsu
3364 1690 3437 1737 se
3468 1670 3618 1737 ferri
3648 1672 3885 1758 patitur
3915 1693 4264 1762 rerumque

856 1789 1180 1859 illecebris
1228 1800 1456 1874 captus
1503 1785 1669 1851 mala
1716 1786 1999 1852 facinora
2046 1784 2405 1859 committit,
2467 1804 2595 1849 non
2641 1784 2857 1849 insons
2913 1782 3031 1849 sed
3079 1803 3194 1849 sua
3258 1785 3454 1870 ipsius
3513 1783 3705 1872 culpa
3764 1797 4122 1874 occupatus
4167 1798 4265 1854 est

856 1919 923 1974 et
967 1907 1324 1978 Furiarum,
1369 1921 1519 1989 quae
1567 1898 2012 1967 conservando
2061 1919 2275 1964 rerum
2323 1895 2530 1964 ordini
2578 1910 2890 1985 praesunt,
2937 1897 3050 1963 irae
3096 1909 3292 1986 atque
3324 1898 3721 1965 insectatioui
3752 1901 4152 1987 permittitur.

1036 2018 1169 2086 Sed
1226 2037 1487 2091 vereor,
1549 2035 1631 2081 ne
1692 2014 1753 2079 in
1800 2012 1999 2080 rebus
2059 2011 2302 2098 apertis
2358 2012 2619 2076 nimium
2681 2008 2908 2098 longus
2961 2011 3100 2077 sim.
3190 2012 3408 2091 Quare
3461 2014 3615 2079 satis
3673 2015 3793 2080 erit
3849 2034 4263 2092 memorasse,

856 2133 1245 2224 Aeschylum
1294 2130 1462 2196 hanc
1506 2148 1687 2196 suam
1734 2127 1819 2194 de
1868 2126 2064 2194 rebus
2109 2126 2359 2199 divinis,
2406 2125 2492 2192 de
2538 2123 2866 2191 hominum
2912 2123 3120 2192 libero
3165 2124 3457 2203 arbitrio,
3503 2127 3588 2194 de
3635 2126 3939 2195 Alastoris
3979 2128 4262 2217 denique

856 2251 915 2316 vi
963 2269 1042 2316 ac
1086 2259 1315 2313 natura
1360 2243 1688 2333 egregiam
1735 2242 2103 2330 opinionem
2151 2237 2489 2328 tragoediae
2535 2238 2718 2328 quasi
2764 2238 3246 2306 fundamentum
3293 2241 3544 2307 secisse.

1033 2361 1364 2449 Sequitur,
1425 2368 1495 2423 ut
1539 2378 1618 2423 ex
1668 2355 1924 2422 instituti
1985 2355 2110 2421 mei
2171 2352 2438 2421 consilio
2483 2351 2569 2419 de
2617 2354 2752 2440 ipsa
2801 2353 3118 2442 tragoedia
3165 2366 3231 2421 et
3273 2353 3507 2443 loquar
3565 2355 3763 2423 fusius
3823 2366 3891 2423 et
3949 2355 4263 2424 disseram

855 2476 1237 2545 accuratius.

1034 2592 1234 2657 Poeta
1282 2607 1401 2675 per
1447 2597 1642 2653 totam
1690 2581 2073 2673 tragoediam
2119 2602 2337 2648 rerum
2383 2581 2818 2647 conditionem
2865 2582 2947 2646 ita
2995 2581 3198 2657 finxit,
3246 2595 3315 2647 ut
3359 2584 3542 2648 anxia
3589 2583 3889 2671 quaedam
3921 2602 4262 2675 exspecta-

857 2709 945 2775 tio
992 2700 1367 2774 calamitatis
1410 2698 1741 2766 cuiusdam
1788 2696 2245 2787 Agamemnoni
2291 2695 2672 2762 imminentis
2715 2708 3155 2783 spectatorum
3202 2696 3450 2764 animos
3495 2712 3793 2786 occupet.
3868 2700 4077 2780 Quam
4124 2703 4264 2791 qui-

857 2822 1009 2889 dem
1070 2815 1622 2905 exspectationem
1690 2812 1966 2901 primum
2038 2822 2257 2877 movet
2316 2807 2685 2887 excubitor,
2761 2831 2953 2898 quem
3017 2810 3509 2903 Clytaemnestra
3565 2832 3733 2880 auuo
3793 2814 4004 2901 prius,
4067 2838 4262 2905 quam

858 2935 1047 3004 Troia
1107 2943 1299 3020 capta
1362 2939 1487 3006 est,
1548 2928 1700 2995 inito
1756 2947 1902 2994 cum
1964 2923 2263 3015 Aegistho
2321 2923 2662 3003 adulterio,
2729 2946 2992 3003 verens,
3057 2947 3139 2994 ne
3197 2930 3633 3015 Agamemnon
3688 2949 3769 2995 ex
3827 2928 4177 3018 improviso
4221 2954 4261 3002 e

857 3049 1032 3118 bello
1079 3046 1346 3122 rediret,
1394 3045 1453 3110 in
1503 3043 1699 3132 regiae
1744 3041 1976 3108 domus
2020 3051 2193 3107 tecto
2240 3040 2684 3116 constituerat,
2733 3052 2822 3116 ut,
2872 3040 3131 3128 quando
3177 3039 3281 3108 ille
3328 3039 3694 3117 adveniret,
3755 3045 3966 3110 statim
4014 3046 4261 3115 denun-

855 3166 1076 3233 ciaret.
1165 3163 1366 3227 Faces
1411 3159 1471 3223 in
1518 3155 1973 3245 longitudinem
2021 3155 2213 3220 maris
2254 3153 2472 3242 Aegaei
2515 3152 2732 3220 multae
2779 3167 2962 3221 erant
3006 3156 3066 3219 in
3113 3154 3394 3242 speculis
3438 3173 3769 3246 accensae,
3832 3179 4106 3246 quarum
4152 3162 4259 3229 ubi

858 3278 961 3346 ille
1024 3275 1379 3366 proximam
1441 3272 1644 3346 videt,
1709 3270 2000 3359 quamvis
2056 3279 2440 3356 expuguatae
2495 3268 2703 3335 ‘l'roiae
2757 3269 2939 3355 signo
2997 3267 3281 3347 laetatur,
3343 3281 3555 3335 tamen
3617 3291 3745 3337 nou
3803 3285 4046 3360 potest,
4108 3278 4258 3365 quin

858 3394 1091 3459 domus
1139 3389 1336 3478 regiae
1398 3385 1825 3453 calamitatem
1872 3382 2195 3472 quandam
2259 3384 2653 3472 praesagiens
2697 3383 2790 3448 sic
2838 3381 3038 3449 verba
3086 3382 3302 3448 faciat:
3369 3384 3666 3449 «Utinam
3728 3384 3877 3451 mihi
3939 3391 4264 3481 contingat

861 3509 993 3596 regi
1042 3502 1337 3572 redeunti
1403 3499 1740 3567 dexteram
1802 3498 2170 3587 porrigere!
2240 3496 2508 3584 Reliqua
2571 3507 2784 3562 autem
2843 3497 3113 3575 reticem
3176 3515 3443 3585 maguus
3501 3499 3669 3563 enim
3733 3498 3855 3566 bos
3913 3502 3975 3569 in
4030 3503 4262 3596 lingua.

862 3625 1103 3688 Domus
1164 3631 1381 3684 autem
1443 3616 1615 3703 ipsa,
1675 3614 1726 3680 si
1792 3632 2019 3678 vocem
2081 3613 2444 3698 acciperet,
2509 3610 2909 3697 apertissime
2973 3610 3416 3699 loqueretur.»
3485 3611 3633 3696 (cfr.
3697 3634 3753 3679 v.
3812 3616 3897 3679 35
3952 3638 4048 3706 sq.
4110 3620 4260 3688 edit.

857 3734 1224 3815 Schuetzii).
1313 3728 1563 3810 Quibus
1627 3724 1841 3794 verbis
1898 3725 2141 3792 clarum
2202 3737 2300 3791 est
2361 3746 2486 3791 nou
2545 3722 2752 3792 solum
2815 3724 3132 3791 fortunam
3193 3722 3518 3801 afflictam,
3580 3747 3729 3813 quae
3785 3728 3908 3793 iam
3955 3732 4017 3797 iu
4062 3732 4261 3803 domo

860 3850 1035 3939 regia
1085 3860 1215 3921 est,
1262 3844 1799 3934 (Clytaemnestrae
1847 3852 1913 3906 et
1957 3838 2234 3928 Aegisthi
2268 3838 2676 3923 adulterium)
2723 3859 2945 3904 verum
2978 3841 3168 3905 etiam
3200 3838 3369 3905 illam
3399 3837 3764 3928 significari,
3809 3863 3959 3931 quae
3992 3861 4261 3936 propter

860 3964 987 4030 hoc
1033 3965 1241 4049 ipsum
1285 3956 1669 4023 adulterium
1716 3954 1960 4022 reduce
2006 3960 2485 4043 Agamemnone
2527 3952 2739 4018 sutura
2784 3972 2930 4019 esse
2974 3954 3194 4040 possit.
3283 3955 3487 4020 Timet
3530 3953 3868 4022 excubitor
3914 3973 3981 4025 et
4023 3965 4156 4053 regi
4194 3978 4261 4032 et

860 4077 1100 4166 reginae
1148 4073 1392 4160 totique
1441 4072 1637 4159 regiae
1683 4068 1920 4136 domui.
2010 4068 2230 4143 vides,
2277 4086 2470 4155 quam
2498 4087 2626 4134 uon
2671 4067 2894 4134 inscite
2940 4074 3137 4154 poe'ta
3181 4067 3266 4133 ab
3315 4068 3486 4134 initio
3529 4081 3967 4155 spectatorum
4012 4078 4259 4147 animos

860 4205 1033 4259 metu
1082 4187 1352 4275 implere
1397 4185 1672 4252 studeat.
1760 4181 1955 4249 Multo
2000 4196 2216 4248 autem
2263 4182 2464 4270 magis
2507 4180 2695 4246 anxia
2739 4180 2874 4255 illa,
2919 4201 3110 4268 quam
3156 4182 3283 4247 dixi
3321 4185 3720 4269 exspectatio
3750 4187 3939 4252 animi
3970 4210 4260 4261 commo·

858 4307 1030 4373 tione
1078 4313 1401 4376 movetur,
1466 4319 1660 4388 quam
1710 4296 1945 4364 chorus
2002 4295 2309 4363 declarat.
2400 4294 2719 4361 Praeclare
2781 4295 2948 4361 enim
2999 4295 3101 4362 bic
3145 4296 3229 4360 ita
3275 4295 3525 4363 effictus
3570 4309 3703 4375 est,
3762 4314 3831 4365 ut
3883 4324 4005 4389 per
4057 4319 4256 4374 totam

860 4419 1143 4487 fabulam
1192 4429 1363 4482 metu
1412 4426 1609 4501 atque
1656 4431 1810 4478 cura
1857 4409 1941 4477 de
1988 4411 2481 4499 Agamemnonis
2524 4409 2774 4475 fortuna
2836 4407 3115 4475 imbutus
3155 4409 3254 4475 sit.
3342 4409 3778 4481 calamitatem
3826 4416 4010 4505 igitur
4054 4441 4258 4508 quau-

857 4535 1008 4600 dam
1057 4533 1419 4603 imminere,
1468 4539 1875 4614 spectatores
1920 4528 2291 4592 coniectura
2336 4523 2635 4612 augurari
2682 4532 2998 4611 poterant.
3084 4523 3215 4590 Sed
3265 4523 3512 4612 reliqua
3555 4527 3901 4596 ordiamur.

1038 4647 1529 4736 Clytaemnestra
1573 4638 1756 4707 simul
1804 4659 1881 4706 ac
1928 4638 2012 4706 de
2062 4640 2164 4715 iis,
2212 4658 2361 4726 quae
2408 4636 2562 4703 vidit
2606 4637 2970 4711 excubitor,
3016 4638 3255 4705 certior
3300 4639 3468 4705 sacta
3514 4655 3643 4717 est,
3697 4643 4052 4714 simulacris
4096 4651 4259 4717 deo-

862 4783 1001 4828 rum
1048 4771 1197 4826 ante
1245 4757 1484 4843 regiam
1533 4755 1794 4821 domum
1843 4753 2195 4819 constitutis
2239 4771 2423 4818 sacra
2470 4750 2650 4826 facit,
2717 4773 2842 4818 non
2888 4771 3018 4840 quo
3063 4753 3330 4841 gratiam
3378 4755 3618 4821 referat
3661 4756 3781 4824 diis
3824 4780 3944 4846 pro
3993 4763 4257 4832 victoria

860 4872 1316 4966 Agamemnoni
1363 4870 1546 4946 data,
1594 4907 1677 4918 —
1726 4868 1853 4936 hoc
1900 4869 2050 4934 facit
2091 4868 2344 4955 specie,
2404 4886 2529 4933 nou
2577 4886 2810 4952 reapse
2855 4904 2945 4914 —
2989 4869 3106 4933 sed
3169 4867 3491 4955 supplicet
3546 4871 3645 4949 iis,
3704 4883 3802 4948 ut,
3863 4894 4054 4962 quam
4119 4900 4257 4945 mo·

862 4992 1078 5065 liatur,
1125 4987 1288 5056 caedi
1335 4983 1650 5053 faciendae
1696 4981 2027 5049 adiutores
2069 4983 2210 5047 siut.
2300 4981 2493 5047 Cuius
2536 4980 2628 5046 rei
2676 4982 2907 5048 nuncio
2954 4981 3200 5058 audito,
3245 5003 3438 5051 senes
3476 4986 3712 5074 Argivi,
3759 4986 3992 5075 quibus
4021 4991 4259 5062 chorus
