4917 5950
2565 273 2645 338 ⁴2

909 501 1037 567 qne
1088 463 1639 568 permoverentur.
1733 481 1838 548 Est
1883 480 2025 548 haec
2070 479 2282 549 divina
2328 503 2435 551 ars
2481 482 2716 573 poetae.
2764 483 2950 564 ,Quid
3001 482 3174 570 quod
3225 459 3413 548 etiam
3463 482 3780 551 scelerum
3813 480 4312 549 architectorum

908 595 1138 684 agendi
1186 597 1495 662 rationem
1546 616 1905 683 eorumque
1952 596 2131 663 necis
2178 598 2621 670 instrumenta.
2668 597 2970 666 balneum
3019 597 3165 663 dico
3214 597 3742 684 mortiferumque
3788 596 3938 662 illud
3990 595 4318 663 velamen—

911 720 1073 786 tum,
1118 710 1203 775 ita
1253 709 1437 777 nobis
1485 732 1604 797 per
1649 722 1860 778 vatem
1911 711 2217 788 ostendit,
2278 724 2346 777 ut
2392 713 2538 781 haec
2581 714 2791 782 omnia
2843 716 3022 802 quasi
3069 714 3332 779 remotis
3379 711 3780 778 versatilibus
3840 732 4057 778 scenae
4106 711 4318 797 parie-

913 823 1079 890 tibus
1140 845 1359 891 coram
1422 826 1803 911 conspicere
1867 824 2051 892 nobis
2099 826 2480 893 videamur?
2552 829 2718 908 Quid
2770 827 3000 915 plura?
3069 831 3184 893 Ars
3243 829 3482 916 tragica
3549 828 3891 913 postulavit
3953 846 4316 913 personam,

911 959 1059 1025 quae
1105 939 1226 1005 sub
1274 939 1498 1006 oculos
1540 951 1976 1027 spectatorum
2026 939 2126 1006 illa
2175 940 2555 1017 subiiceret‚
2618 963 2765 1031 quae
2817 944 2929 1029 ipsi
2980 963 3101 1008 non
3150 955 3535 1029 spectarent.
3631 940 3875 1007 Deinde
3937 961 4093 1006 vero
4158 940 4316 1006 infra

909 1053 1283 1140 apparebit,
1332 1054 1882 1145 Clytaemnestram
1935 1068 2000 1121 et
2046 1055 2408 1144 Aegisthum
2462 1078 2596 1123 rem
2646 1056 2966 1145 quandam
3017 1076 3311 1131 narrare,
3361 1076 3550 1144 quam
3602 1070 3669 1121 ut
3713 1054 4082 1130 credamuS‚
4132 1076 4318 1142 pror-

909 1190 1019 1233 sus
1067 1191 1191 1234 non
1239 1168 1647 1244 adducimur,
1710 1188 1852 1234 eam
1901 1168 2076 1245 dioc,
2136 1175 2679 1257 Agamemnonem
2741 1173 2937 1259 patris
2993 1173 3180 1236 etiam
3230 1170 3439 1257 culpae
3489 1191 3747 1257 poenam
3815 1169 4123 1257 pendere.
4215 1170 4312 1234 Et·

912 1283 1079 1348 enim
1145 1285 1267 1347 vati
1330 1283 1475 1349 huic
1534 1284 1764 1350 insonti
1821 1282 2013 1348 fidem
2079 1283 2423 1358 habemus.
2489 1285 2605 1351 illis
2669 1307 2822 1351 vero
2886 1285 3338 1373 peccatoribus
3396 1307 3525 1352 non
3586 1284 3919 1352 habemus,
4029 1284 4316 1372 Denique

914 1402 1105 1482 poeta
1155 1412 1364 1464 vatem
1414 1400 1732 1485 captivam
1782 1420 1852 1464 re
1912 1417 2065 1464 vera
2116 1399 2605 1486 Agamemnonis
2667 1400 2961 1487 pellicem
3021 1420 3342 1486 apparere
3407 1399 3627 1474 voluit,
3694 1413 3761 1465 ut
3806 1398 4316 1489 Clytaemnestrae

914 1512 1191 1576 animum
1239 1512 1503 1578 stimulis
1549 1514 1786 1578 amoris
1831 1514 2200 1580 concitaret.
2290 1514 2418 1580 Sed
2470 1514 2593 1581 hac
2641 1514 2725 1580 de
2775 1536 2844 1580 re
2891 1528 3148 1602 postea;
3196 1535 3364 1580 nunc
3411 1515 3494 1580 de
3541 1516 3789 1602 reliquo
3837 1525 4233 1601 argumento.

1097 1626 1435 1714 Postquam
1484 1627 1840 1694 Cassandra
1889 1626 2068 1722 abiit,⁴
2134 1627 2370 1694 chorus
2433 1628 2784 1695 insatiabile
2843 1629 2994 1695 dicit
3051 1629 3375 1696 hominum
3441 1629 3752 1696 felicitatis
3815 1648 3960 1694 esse
4020 1626 4315 1693 studium.

920 1739 1112 1804 Etiam
1165 1747 1704 1829 Agamemnonem
1752 1763 1866 1808 sua
1914 1752 2089 1808 sorte
2135 1766 2261 1809 non
2311 1756 2675 1810 contentum
2725 1745 2952 1818 fuisse,
2999 1743 3113 1809 sed
3165 1744 3489 1830 pristinam
3540 1744 3854 1810 fortunam
3907 1741 4132 1808 bellica
4181 1741 4318 1829 glo-

920 1855 1006 1919 ria
1068 1857 1449 1924 cumulasse.
1540 1857 1651 1923 Cui
1712 1858 2031 1924 fortunato
2087 1858 2136 1922 si
2188 1880 2439 1934 eorum,
2503 1861 2607 1945 qui
2660 1860 2717 1923 in
2768 1860 2903 1924 eius
2967 1858 3161 1924 domo
3225 1858 3375 1924 caesi
3433 1859 3581 1932 sint,
3643 1858 3900 1946 sanguis
3962 1855 4318 1943 expiandus

915 1969 1023 2045 sit,
1071 1975 1388 2037 neminem
1437 1971 1792 2037 mortalium
1843 1973 1963 2036 iam
1999 1972 2438 2058 gloriaturum.
2489 1994 2633 2038 sese
2688 1968 2944 2038 «ἀσινεῖ
2963 1973 3262 2056 δαίμονι»
3315 1984 3530 2038 natum
3563 1994 3724 2039 esse.
3775 1995 3828 2036 v.
3864 1970 4317 2038 lasa—1335.

1094 2084 1319 2149 Subito
1383 2086 1722 2151 audiuntur
1780 2087 2270 2174 Agamemnonis
2332 2092 2495 2153 intus
2553 2087 2911 2153 moribundi
2977 2088 3310 2154 clamores
3402 2087 3648 2153 Chorus
3709 2086 3981 2153 liceatne
4046 2108 4123 2152 ex
4186 2084 4318 2162 illis,

918 2219 1081 2285 quos
1128 2200 1473 2275 audiverit,
1536 2199 1874 2266 eiulatibus
1937 2202 2201 2287 periisse
2251 2222 2469 2289 regem
2529 2203 2849 2268 coniicere
2908 2200 3267 2289 ambigens,
3332 2201 3793 2289 explorandum
3854 2203 4094 2274 statuit,
4158 2222 4319 2288 quo-

920 2312 1113 2380 modo
1161 2320 1592 2401 Agamemnon
1639 2336 1710 2380 se
1760 2314 2017 2380 habeat.
2062 2337 2119 2381 v.
2168 2315 2623 2380 1338-1363.
2720 2316 2859 2394 Qua
2909 2337 2979 2381 re
3029 2315 3267 2382 consilii
3318 2317 3590 2402 inopiam
3639 2317 3789 2382 satis
3836 2316 4251 2382 demonstrat.

1098 2429 1381 2494 Machina
1432 2429 1709 2516 quadam
1758 2431 2066 2506 versatili,
2106 2431 2285 2517 quod
2333 2427 2695 2513 ἑκκύκλημα
2746 2444 3034 2506 vocatur,
3085 2431 3417 2496 interiores
3451 2429 3629 2497 aedes
3660 2430 4100 2496 ostenduntur.
4169 2428 4317 2518 Cly·

920 2555 1283 2609 taemnestra
1334 2544 1499 2609 iuxta
1549 2544 1768 2609 funera
1818 2557 1993 2610 stans
2041 2559 2107 2608 ut
2153 2559 2337 2610 antea
2389 2545 2613 2610 marito
2661 2543 2853 2609 fidem
2903 2565 2975 2611 se
3024 2566 3140 2631 per
3188 2566 3378 2610 omne
3429 2557 3681 2632 tempus
3725 2565 4020 2611 servasse
4061 2543 4318 2610 simula-

923 2660 1035 2734 vit,
1082 2658 1173 2723 sic
1224 2673 1367 2744 post
1414 2657 1663 2723 caedem
1716 2672 1883 2723 tanta
1935 2673 2033 2724 est
2077 2660 2411 2724 ferocitate
2461 2673 2654 2746 atque
2704 2659 3121 2746 protervitate
3155 2659 3436 2747 insignis.
3487 2672 3554 2724 ut
3583 2681 3708 2725 non
3750 2659 4057 2725 mediocri
4094 2671 4318 2723 natura

922 2771 1284 2846 mulierem,
1330 2772 1445 2838 sed
1497 2773 1676 2859 quasi
1724 2773 1971 2838 Furiam
2021 2775 2402 2860 conspicere
2453 2773 2560 2838 tibi
2611 2772 2912 2842 videaris,
2979 2787 3043 2839 et
3092 2773 3259 2838 baud
3308 2774 3441 2839 scio
3489 2795 3566 2838 an
3619 2795 3939 2862 nunquam
3999 2774 4315 2861 ingenium

922 2888 1244 2974 poeticum
1294 2886 1375 2952 ad
1429 2887 1616 2952 talem
1667 2887 2088 2973 improbitatis
2133 2891 2416 2973 speciem
2469 2888 2951 2973 exprimendam
3003 2887 3379 2962 evolaverit,
3429 2888 3683 2975 qualem
3734 2891 3791 2953 in
3823 2889 3943 2955 hac
3978 2887 4317 2954 furibunda

920 3016 987 3068 et
1032 3004 1229 3069 atroci
1293 3003 1557 3068 muliere
1622 3002 1937 3091 pingenda
2004 3001 2258 3069 effinxit.
2356 3008 2511 3068 Dum
2581 3006 2637 3068 in
2689 3006 2970 3069 facinore
3031 3016 3280 3088 patrato
3340 3003 3669 3090 gloriatur,
3731 3003 4076 3091 sophistica
4137 3004 4318 3090 quasi

918 3129 1057 3184 arte
1106 3132 1382 3184 mentem
1429 3138 1609 3183 suam
1661 3116 2011 3184 obcoecare
2061 3120 2448 3205 rationisque
2501 3117 2794 3183 iudicium
2844 3138 3266 3205 corrumpere
3301 3117 3534 3183 studet.
3597 3119 3750 3182 Tum
3785 3117 4074 3195 demum,
4121 3140 4316 3206 quum

919 3233 1158 3299 chorus
1204 3231 1417 3318 populi
1467 3233 1523 3297 ei
1574 3234 2082 3298 exsecrationem
2133 3245 2197 3298 et
2243 3234 2527 3299 exsilium
2578 3245 2642 3298 et
2688 3232 2888 3298 diram
2950 3232 3251 3298 ultionem
3317 3233 3611 3306 minatur,
3670 3234 3947 3298 animum
4018 3232 4316 3320 paulatim

919 3347 1273 3434 compescit
1338 3345 1719 3433 caedemque
1783 3358 1848 3412 et
1908 3367 2218 3412 excusare
2284 3362 2347 3412 et
2408 3349 2630 3412 iustam
2693 3346 3050 3432 praedicare
3107 3347 3324 3433 coepit.
3430 3346 3561 3413 Sed
3625 3347 3769 3413 nibil
3837 3349 4047 3427 timet;
4109 3348 4318 3412 nititur

921 3464 1087 3528 enim
1139 3465 1228 3528 rei
1278 3461 1500 3525 iustitia
1537 3474 1599 3525 et
1634 3460 1911 3549 Aegisthi
1960 3460 2110 3546 (boc
2142 3463 2282 3526 loco
2320 3463 2590 3553 primum
2627 3464 3134 3545 commemorati)
3162 3460 3458 3528 benevoli
3488 3460 3604 3527 sibi
3636 3462 3886 3529 auxili0.
3935 3485 3989 3527 ν.
4025 3461 4195 3526 ⁴362
4223 3482 4319 3549 sq.

925 3578 1290 3652 VideamuS,
1354 3595 1514 3661 quas
1562 3577 1957 3661 potissimum
2005 3577 2277 3663 geminae
2343 3576 2541 3641 caedis
2601 3596 2826 3641 causas
2893 3591 3160 3662 premat.
3257 3575 3718 3649 «Crateram‚2>
3789 3578 4015 3664 inquit,
4071 3597 4317 3665 «quam

921 3692 1128 3757 multis
1177 3690 1358 3755 malis
1406 3690 1705 3776 replevit,
1754 3711 2051 3756 reversus
2099 3690 2462 3756 exhausit.»
2517 3712 2572 3755 v.
2623 3689 3075 3755 11388—4390.
3122 3727 3209 3737 —
4191 3694 4196 3697 ’

1095 3808 1170 3871 At
1217 3824 1511 3893 quaenam
1558 3817 1702 3868 sunt
1748 3803 1849 3869 illa
1899 3804 2059 3868 mala
2111 3841 2192 3851 —
2240 3797 2402 3869 κακὰ
2448 3799 2639 3886 ἀραῑα
2685 3803 2755 3870 ἐν
2801 3801 3019 3888 δόμοις
3067 3803 3199 3868 —?
3273 3803 3539 3871 Dolores
3584 3803 3894 3893 significat
3939 3828 4017 3872 ex
4069 3806 4319 3894 iphige-

919 3923 1042 3988 niae
1089 3919 1517 3985 immolatione
1565 3918 1682 3984 sibi
1735 3932 2008 4005 paratas,
2097 3920 2252 3983 Nam
2309 3917 2638 3993 «filiam,»
2693 3920 2799 3993 ait,
2864 3920 3299 3985 «carissimam
3350 3919 3497 3985 mihi
3545 3919 3818 4006 prolem,
3879 3934 3946 3984 ut
3994 3919 4320 3987 Threicios

919 4038 1207 4125 placaret
1252 4045 1506 4109 ventos,
1553 4032 1965 4100 immolavit»
2022 4055 2075 4098 v.
2128 4032 2294 4097 ⁴409
2341 4056 2436 4120 sq.
2531 4033 2818 4121 Cumque
2881 4031 3116 4098 chorus
3182 4047 3461 4098 mentem
3526 4035 3691 4110 eius,
3756 4037 3935 4122 quasi
3998 4035 4320 4124 sanguinis

920 4153 1146 4218 haustu
1207 4147 1611 4223 inebriatam,
1675 4146 2108 4235 nequidquam
2160 4149 2373 4214 furere
2422 4162 2487 4215 et
2535 4149 2735 4213 mariti
2800 4139 3048 4213 caedet’n
3120 4147 3303 4213 caede
3366 4147 3663 4214 luendam
3729 4170 3873 4215 esse
3937 4149 4137 4235 dicat,
4201 4170 4320 4236 per

919 4267 1240 4339 iustitiam,
1304 4262 1449 4328 fitiae
1496 4282 1631 4328 suae
1683 4261 2026 4338 vindicem,
2089 4262 2276 4336 iurat,
2338 4285 2409 4329 se
2461 4262 2605 4328 nihil
2665 4264 2920 4336 timere,
2984 4260 3195 4327 donec
3242 4262 3578 4349 Aegisthus
3625 4263 3683 4327 in
3734 4263 3880 4330 foco
3941 4284 4059 4329 suo
4107 4264 4318 4352 ignem

917 4379 1252 4448 accendat.
1302 4400 1356 4445 v.
1405 4374 1890 4443 Mat-⁴430.
1983 4378 2116 4443 Non
2166 4378 2361 4442 multo
2408 4388 2554 4464 post
2601 4398 2794 4464 quum
2845 4375 3082 4442 chorus
3142 4368 3562 4441 miserabilius
3619 4378 3786 4466 regis
3844 4394 4114 4443 mortem
4165 4398 4321 4444 con-

918 4506 1251 4584 queratur:
1305 4495 1495 4560 «Non
1545 4490 1881 4579 indigna,»
1935 4491 2158 4578 inquit,
2212 4511 2438 4556 «mors
2484 4490 2631 4557 huic
2680 4489 2954 4578 contigit.
3048 4488 3212 4568 Quid
3273 4490 3489 4556 enim?
3557 4512 3768 4558 nonne
3830 4494 3970 4579 ipse
4016 4483 4182 4576 ἄτην
4227 4493 4322 4559 ἰη-

917 4609 1217 4677 sidiosam
1268 4610 1323 4672 in
1374 4608 1571 4673 hasce
1620 4603 1800 4671 aedes
1847 4604 2233 4670 introduxit?
2280 4607 2502 4672 Nonne
2550 4603 2739 4669 filiam
2788 4624 3032 4681 meam,
3083 4625 3160 4669 ex
3212 4624 3292 4670 eo
3338 4618 3738 4692 susceptam,
3785 4605 4038 4695 indigne
4086 4617 4322 4674 tracta-

918 4724 1048 4789 vit?
1094 4724 1258 4809 Ergo
1306 4721 1478 4787 ferro
1527 4733 1792 4787 necatus
1841 4739 2100 4805 poenam
2150 4718 2260 4784 dat
2305 4720 2632 4795 facinoriS,
2682 4719 2855 4806 quod
2909 4719 3083 4805 prior
3129 4719 3269 4805 ipse
3306 4722 3718 4806 perpetravit.
3767 4742 3822 4785 v.
3865 4720 4322 4789 t5t4-4523,

917 4842 1357 4924 interrogante
1406 4834 1637 4911 choro,
1685 4834 1828 4921 quis
1869 4832 2256 4920 sepeliturus
2300 4835 2380 4899 sit
2426 4854 2675 4923 regem:
2749 4833 3024 4910 «Noli‚»
3078 4835 3304 4921 inquit,
3371 4833 3606 4901 «huius
3654 4838 3744 4900 rei
3793 4855 4012 4903 curam
4057 4857 4321 4924 gerere;

912 4971 1059 5020 nam
1122 4971 1240 5037 per
1299 4970 1400 5014 me
1464 4947 1724 5024 cecidit,
1788 4967 1908 5034 per
1970 4969 2073 5014 me
2136 4948 2325 5015 etiam
2386 4948 2806 5035 sepelietur.»
2904 4946 3154 5015 Acerba
3220 4950 3408 5015 etiam
3471 4948 3669 5016 ironia
3736 4948 4319 5039 dissimulantiaque
