4917 5950
1496 1134 1644 1220 De
1730 1133 2559 1249 Agamemnone
2645 1132 3296 1250 Aeschyleo.

695 1608 945 1742 Quum
993 1639 1238 1719 libello,
1286 1662 1417 1730 quo
1466 1640 1551 1708 de
1598 1639 1797 1707 rebus
1841 1640 1925 1707 ad
1971 1639 2259 1707 scholam
2308 1640 2772 1727 pertinentibus
2818 1642 3046 1708 referri
3094 1642 3287 1717 solet,
3338 1641 3652 1729 praefandi
3697 1643 3782 1709 ad
3831 1664 3935 1710 me
3982 1644 4102 1713 de-

690 1759 821 1826 lato
871 1776 1137 1824 munere
1185 1756 1562 1845 cogitarem,
1620 1773 1813 1842 quam
1864 1754 2261 1843 potissimum
2308 1775 2446 1820 rem
2495 1755 3016 1842 pertractandam
3062 1756 3489 1844 susciperem,
3535 1755 3838 1848 Aeschyli
3885 1758 4102 1846 impri-

694 1873 813 1941 mis
859 1871 961 1938 illa
1008 1871 1216 1937 arrisit
1263 1869 1606 1959 tragoedia,
1655 1888 1805 1957 quae
1853 1867 2215 1936 inscribitur
2258 1874 2750 1959 Agamemnon*
2810 1871 2904 1936 De
2951 1869 3077 1936 hac
3122 1882 3337 1936 autem
3385 1869 3601 1937 fabula
3631 1872 3683 1937 si
3715 1872 3858 1959 quis
3883 1882 4101 1940 nostro

695 2003 994 2075 tempore
1041 1968 1330 2052 scribere
1377 2003 1571 2051 ausus
1617 1984 1835 2059 suerit,
1899 2003 2076 2060 eum,
2137 2004 2262 2049 non
2311 1981 2570 2058 dubito,
2631 1983 2782 2070 quin
2831 1982 3005 2049 multi
3050 1984 3174 2050 sint
3217 1984 3438 2061 futuri,
3499 1984 3608 2072 qui
3653 1983 3828 2051 haud
3873 1985 4104 2053 leniter

696 2112 983 2189 carpant.
1077 2099 1364 2179 Quorum
1412 2098 1472 2163 in
1523 2118 1792 2164 numero
1853 2096 1993 2165 illos
2054 2097 2386 2185 praecipue
2449 2096 2638 2163 velim
2702 2096 2961 2185 reponi,
3023 2118 3189 2186 quos
3233 2118 3361 2165 non
3407 2098 3592 2187 fugit,
3655 2117 3849 2187 quam
3904 2100 4102 2166 multa

694 2217 817 2285 sint
862 2215 945 2282 de
982 2213 1117 2280 hac
1165 2233 1235 2279 re
1283 2211 1367 2279 ab
1417 2212 1931 2301 ingeniosissimis
1977 2211 2490 2301 doctissimisque
2525 2211 2671 2277 viris
2718 2212 2992 2299 cogitata
3040 2224 3120 2278 et·
3151 2211 3514 2299 conscripta
3545 2212 3625 2297 *).
3715 2212 3884 2293 Quid
3931 2214 4099 2280 euim

695 2330 988 2398 insulsius
1035 2326 1354 2403 videatur,
1402 2345 1594 2415 quam
1641 2338 1785 2393 acta
1832 2326 2080 2415 agere?
2124 2325 2278 2414 qnid
2327 2325 2687 2400 infacetius‚
2734 2345 2928 2413 quam
2975 2338 3271 2393 vexatas
3298 2324 3509 2391 multis
3537 2324 3619 2391 ad
3657 2346 3823 2393 nova
3855 2326 4103 2395 ducere

695 2442 1057 2513 tormenta?
1103 2442 1236 2530 Ego
1283 2461 1441 2508 vero
1487 2461 1684 2529 quum
1730 2438 2057 2507 scribendi
2090 2459 2396 2527 caperem
2430 2439 2793 2516 consilium,
2838 2439 3128 2507 sciebam
3162 2460 3376 2528 neque
3408 2459 3576 2506 nunc
3605 2439 3859 2529 ignoro,
3907 2462 4100 2507 unum

695 2559 1003 2646 idemque
1050 2577 1239 2643 opus,
1288 2554 1465 2643 quod
1513 2566 1651 2621 arte
1698 2555 2056 2642 perfectum
2105 2564 2231 2629 est,
2277 2553 2470 2620 alium
2516 2553 2699 2621 aliter
2743 2573 2927 2642 saepe
2973 2555 3201 2619 mirum
3248 2564 3555 2642 quantum
3603 2574 3870 2623 movere
3904 2567 4100 2645 atque

696 2670 962 2740 afficere
1023 2669 1109 2737 ob
1173 2689 1449 2757 eamque
1497 2689 1633 2735 rem
1681 2689 1808 2735 nou
1857 2688 2004 2734 raro
2051 2667 2137 2735 de
2183 2667 2287 2734 illo
2335 2667 2657 2735 diversam
2722 2668 3031 2735 exsistere
3095 2668 3465 2756 opinionem
3525 2681 3720 2758 atque
3780 2668 4102 2736 iudicium.

695 2788 924 2876 Neque
971 2784 1156 2852 facile
1203 2804 1349 2851 esse
1395 2783 1479 2850 ad
1526 2780 2033 2872 intelligendum,
2082 2780 2237 2871 quid
2283 2782 2363 2848 sit
2408 2780 2500 2858 id,
2547 2780 2631 2848 ad
2667 2783 2846 2849 cuius
2876 2779 3346 2854 similitudinem
3379 2780 3659 2850 artifices
3686 2795 3891 2852 artem
3920 2804 4099 2851 suam

697 2899 1047 2968 direxerint
1091 2919 1341 2987 suoque
1387 2917 1592 2985 opere
1641 2894 1818 2986 quod
1865 2895 2193 2963 consilium
2240 2916 2568 2986 quamque
2617 2895 3065 2986 cogitationem
3128 2916 3503 2984 expressam
3562 2918 3709 2965 esse
3769 2897 4101 2974 voluerint.

700 3038 736 3085 e
785 3014 1102 3105 tragoedia
1149 3013 1481 3101 proposita
1540 3011 1691 3080 licet
1732 3011 2091 3079 luculenter
2135 3010 2380 3078 videre.
2471 3012 2628 3077 Nam
2676 3012 2713 3077 ii
2763 3011 2907 3099 ipsi,
2971 3012 3080 3100 qui
3124 3012 3261 3078 iure
3307 3011 3792 3101 quodammodo
3854 3012 4103 3102 pulchri

696 3131 970 3206 venusti,
1019 3129 1154 3195 v'eri
1201 3127 1361 3194 recti
1406 3126 1625 3194 arbitri
1670 3125 2023 3202 habentur,
2072 3124 2156 3192 de
2203 3125 2331 3193 hoc
2376 3125 2518 3212 ipso
2567 3146 2770 3212 opere
2817 3139 2945 3191 tam
2993 3124 3283 3193 diversas
3311 3126 3714 3214 protulerunt
3739 3128 4103 3205 sententias,

695 3259 795 3321 ut,
842 3244 946 3311 cui
991 3240 1251 3309 tandem
1298 3242 1688 3316 assentiaris,
1751 3260 1927 3329 aegre
1974 3241 2251 3306 animum
2300 3239 2608 3306 inducere
2659 3240 2880 3327 possis.
2965 3219 3189 3320 'Quare
3233 3241 3444 3329 ipsum
3492 3242 3818 3331 quemque
3877 3243 4105 3309 intueri

698 3381 866 3448 opus
911 3354 1320 3424 artificiosum
1369 3355 1636 3443 eiusque
1685 3367 1755 3420 ut
1798 3355 1922 3419 vim
1972 3355 2340 3421 interiorem
2390 3354 2738 3442 perspiciat
2784 3373 3053 3442 operam
3098 3352 3258 3421 dare
3303 3354 3540 3423 licebit.
3627 3354 3889 3422 Multum
3934 3357 4102 3424 enim

694 3470 1072 3561 temptando
1121 3491 1344 3536 verum
1392 3470 1655 3536 inveniri
1698 3468 1881 3536 solet.
1931 3506 2016 3517 —
2064 3467 2191 3534 Cur
2237 3480 2451 3534 autem
2503 3480 2841 3555 tantopere
2888 3467 3193 3535 haeserint
3236 3468 3298 3534 in
3343 3469 3728 3557 quaestione,
3774 3470 4105 3558 quomodo

697 3586 1057 3677 Aeschylus
1103 3582 1188 3650 de
1235 3594 1613 3673 argumento
1659 3605 1777 3650 suo
1824 3584 2231 3672 cogitaverit,
2291 3583 2343 3648 si
2391 3583 2656 3671 quaeris:
2721 3565 3116 3671 aptissimum
3166 3581 3426 3671 quidem
3473 3581 3601 3650 hoc
3647 3583 3854 3670 ipsum
3916 3604 4107 3675 argu-

700 3712 983 3770 mentum
1032 3711 1131 3766 est
1173 3697 1257 3763 ad
1306 3709 1543 3774 metuS,
1603 3696 1761 3773 odii,
1823 3696 2280 3764 misericordiae
2327 3717 2555 3764 sensus
2602 3697 3002 3770 excitandos,
3062 3696 3179 3764 sed
3229 3696 3510 3764 nondum
3558 3697 3962 3786 exploratum
4008 3710 4109 3766 est

703 3827 770 3884 et
812 3814 1017 3905 quaeri
1065 3823 1353 3900 oportet,
1417 3811 1748 3900 quomodo
1795 3810 2055 3878 tandem
2101 3809 2166 3876 hi
2211 3809 2482 3877 affectus
2530 3811 2589 3876 in
2639 3831 2784 3877 eum
2833 3811 3021 3877 animi
3072 3810 3355 3878 habitum
3402 3822 3611 3879 semet
3651 3813 3794 3900 ipso
3841 3825 4108 3882 conten-

700 3943 833 3998 tum
897 3940 1092 4017 atque
1152 3947 1383 4015 purum
1451 3925 1906 4000 dissolvantur,
1968 3946 2161 4013 quem
2209 3924 2608 4000 Aristoteles,
2673 3946 2802 4013 quo
2849 3945 2974 3991 non
3032 3924 3365 3992 meliorem
3425 3926 3720 4012 profecto
3774 3941 4105 3998 auctorem

699 4046 982 4132 artisque
1046 4041 1322 4109 iudicem
1386 4039 1759 4129 quaerimus,
1836 4036 2156 4123 κάθαρσιν
2215 4051 2403 4106 vocat
2466 4058 2742 4127 eamque
2806 4038 3142 4127 tragoediae
3205 4039 3387 4128 quasi
3448 4039 3774 4109 cardinem
3836 4063 3980 4110 esse
4042 4055 4111 4110 et

699 4178 1015 4228 summam
1063 4154 1416 4244 profitetur.
1508 4154 1715 4234 Quam
1762 4155 2184 4242 quaestionem
2247 4175 2395 4219 num
2458 4151 2760 4242 equidem
2806 4154 3122 4220 sustinere
3182 4154 3450 4241 possim,
3511 4175 3593 4222 ne
3641 4166 3771 4223 tum
3827 4156 4107 4245 quidem,

698 4276 753 4342 si
798 4275 1062 4349 scirem,
1109 4270 1291 4336 fateri
1338 4288 1631 4336 conarer.
1720 4268 1870 4333 Utut
1912 4288 2019 4335 res
2063 4289 2136 4335 se
2184 4267 2407 4344 habet,
2474 4278 2713 4333 tantum
2762 4267 2979 4342 abest,
3040 4280 3132 4343 ut,
3198 4288 3345 4356 quae
3393 4267 3613 4336 litteris
3658 4269 3980 4350 mandavi,
4027 4292 4108 4339 ea

809 4576 859 4641 ⁴¹)
917 4574 1106 4639 Relego
1145 4572 1400 4621 lectorem
1440 4568 1507 4620 ad
1545 4567 1782 4618 libellum
1823 4567 1994 4617 minus
2033 4566 2246 4634 quidem
2287 4577 2503 4631 notum,
2554 4567 2699 4634 quod
2737 4567 2931 4631 sciam,
2983 4568 3076 4620 sed
3115 4567 3205 4637 qui
3251 4570 3439 4620 iterum
3479 4579 3638 4638 atque
3676 4570 3865 4622 iterum
3906 4574 4110 4639 legetur

916 4670 996 4721 vel
1034 4668 1257 4719 maxime
1295 4666 1545 4733 dignum,
1586 4665 1734 4714 illum
1773 4662 1925 4719 dico,
1968 4680 2123 4730 quem
2163 4663 2376 4732 scripsit
2412 4665 2471 4715 F.
2512 4663 2560 4713 J.
2601 4664 2827 4716 Scherer
2866 4664 2932 4716 de
2970 4664 3287 4716 Graecorum
3312 4667 3536 4720 ΛΤΗΣ
3565 4666 3782 4719 notione
3821 4677 3875 4720 et
3910 4669 4106 4722 indole.

917 4767 1145 4817 Monsst.
1183 4764 1341 4816 1858.
1417 4763 1492 4825 ls,
1531 4777 1653 4829 qna
1690 4759 1851 4810 suerit
1886 4759 2202 4812 Graecorum
2240 4761 2370 4829 ἄτης
2407 4761 2553 4812 notio
2591 4770 2644 4811 et
2680 4760 2916 4824 indoles,
2975 4770 3079 4812 tam
3120 4762 3326 4829 egregie
3362 4765 3690 4831 explanavit,
3741 4774 3797 4815 ut
3836 4766 3917 4816 vix
3953 4767 4109 4834 qnid-

917 4878 1075 4931 qusm
1114 4859 1299 4911 melius
1337 4859 1404 4910 de
1444 4858 1543 4909 hsc
1580 4874 1637 4908 re
1671 4856 1775 4907 diei
1813 4857 1997 4924 possit.
2075 4856 2216 4908 [dem
2257 4857 2311 4907 in
2349 4857 2535 4908 eodem
2577 4857 2714 4907 libro
2746 4856 2813 4909 de
2851 4858 3082 4910 Orestia
3118 4859 3165 4909 vi
3204 4860 3455 4910 interiore
3506 4861 3775 4927 ingeniose
3826 4862 4112 4932 disputavit

919 4968 972 5011 et
1006 4972 1169 5026 opera
1209 4958 1441 5007 virorum
1482 4955 1796 5017 doctorum,
1850 4954 1941 5021 qui
1980 4953 2313 5006 illustr-nde
2350 4954 2472 5006 huic
2509 4954 2707 5006 fsbulae
2738 4971 2954 5022 operam
2996 4955 3285 5020 dederunt,
3333 4956 3582 5010 laudavit.
3658 4958 3852 5010 Eadem
3890 4968 3943 5011 et
3981 4960 4110 5011 mihi

918 5055 1179 5123 inspicere
1213 5053 1378 5104 licuit.
1416 5079 1487 5089 —

3269 5156 3366 5222 ⁴*
